3548 5470
718 325 894 400 fflsTon.
920 323 1025 397 DAN.
1051 323 1189 394 LIBER
1213 323 1238 392 l.

626 542 705 610 Nec
722 559 826 608 mare
839 535 1082 634 moresequor
1091 527 1240 633 priori?

629 659 744 761 Eripit
757 685 806 731 esc
821 656 933 731 ocrffls
945 658 1097 758 quietem

630 783 795 882 Agminis
810 782 1033 884 increpitans
1049 779 1165 880 lupini

630 903 772 978 Strr‘ciar
788 917 827 977 et
838 927 949 1005 usque
958 901 1084 1005 pairsm
1097 901 1239 973 tesam
1329 913 1334 924 ·

631 1036 784 1128 Questus
800 1025 1161 1125 inuuiiumseramsm

633 1151 899 1254 Impatiensque
914 1151 1015 1249 rigor
1039 1147 1190 1220 icaunae.

636 1276 770 1350 Tristia
781 1273 969 1373 suntjuga
978 1271 1207 1370 castitasque

630 1394 833 1469 Pectoribus
846 1391 1130 1493 truciorafisr‘s1.

639 1517 816 1618 officiunt
830 1517 969 1622 scopuli
978 1517 1135 1615 ugentes
1279 1573 1281 1576 .

637 1643 875 1743 Dffcilisque
890 1639 981 1714 situs
1001 1639 1160 1714 iocorum

639 1768 815 1840 Mentibus
830 1787 955 1867 cequor
968 1784 1099 1836 amare
1120 1759 1236 1830 soen's.

639 1897 740 1965 Nam
745 1889 855 1991 freta
870 1885 1029 1986 renu'giis
1039 1883 1211 1988 probare,

645 2012 924 2116 Qfficsipotzoris
946 2023 1051 2097 esset,

641 2139 820 2211 Mercibus
835 2159 882 2208 ae
895 2134 1017 2236 spoliis
1038 2153 1168 2216 auare,

645 2267 739 2334 AEra
755 2261 879 2334 altena
896 2257 997 2358 sequi
1007 2253 1150 2329 iocelIo²
1156 2305 1171 2340 ,

647 2386 834 2486 AEquorcis
849 2383 992 2456 inhiare
1006 2379 1134 2453 ἰιιοιιζι3
1141 2426 1155 2464 ,

347 2667 430 2731 sonis
445 2665 679 2756 (Gylfsginning
691 2667 731 2733 21
746 2693 778 2755 p.
793 2664 904 2750 27-28)
918 2669 973 2732 tri-

1031 2670 1092 2728 tis.
1102 2663 1238 2748 Elleptece
1243 2673 1339 2720 autem
1347 2655 1425 2740 quod
1430 2653 1497 2716 daei
1494 2657 1654 2741 prolatum,

347 2772 974 2861 buitNiordioAsarumunietuxoriejus
1022 2771 1128 2857 fisis
1153 2769 1332 2829 truciora
1350 2786 1409 2849 pro
1431 2759 1534 2846 fisis
1565 2763 1654 2823 tole·

348 2877 447 2942 Sksde
463 2880 539 2961 (vid.
550 2895 616 2946 not.
630 2881 695 2964 ub.)

395 2990 529 3052 'iratus
549 3007 618 3054 nat
631 2991 710 3072 juga
728 2995 909 3072 castitasque
920 3015 974 3078 pe·

348 3090 477 3156 ctaribus
491 3098 621 3158 truciora
628 3091 712 3176 fisis]
730 3092 976 3178 Explicationem

351 3195 441 3279 hujus
454 3197 518 3260 loci
534 3198 718 3263 obscurioris
741 3198 825 3264 dedit
848 3201 978 3286 stepha-

261 3343 267 3354 ·
353 3301 978 3388 niusaPontsnosecumcommunicstsm,

353 3409 439 3487 cujus
454 3430 568 3473 summe
588 3411 649 3474 huo
673 3411 768 3477 redit:
797 3419 849 3477 Ita
866 3429 980 3488 statuo,

355 3529 388 3574 ut
403 3517 587 3600 intelligatur
600 3521 693 3582 uerbis
708 3524 745 3582 iis
751 3522 913 3606 Hatiingus
930 3543 982 3582 ree

356 3620 504 3684 indicare:
523 3618 711 3706 injucundum
725 3651 786 3690 esse
805 3627 862 3688 sibi
879 3631 984 3699 atrum,

354 3731 464 3810 perque'
476 3732 614 3790 montrum
620 3729 701 3813 juga
714 3746 744 3792 et
756 3755 902 3796 nemorum
915 3735 985 3796 soli·

357 3834 473 3896 tudines
489 3837 633 3905 inerrare,
646 3836 704 3896 sibi
715 3844 894 3923 prasertim,
920 3853 985 3900 tru-

358 3945 440 4004 ciora
464 3965 498 4006 oc
516 3943 695 4024 gloriosiora
718 3945 842 4004 tolerare
866 3967 902 4004 ac
923 3963 983 4030 pa·

359 4063 440 4110 trare
447 4047 507 4129 fisa
524 4067 659 4128 ausoque.
698 4047 771 4107 Eum
790 4050 864 4108 enim
879 4050 910 4108 in
924 4071 985 4109 ma·

359 4153 429 4214 dum
450 4155 562 4240 acer'pia
585 4153 814 4213 Pectoribus
841 4155 986 4213 tracia·

362 4281 402 4321 ra
412 4257 532 4342 fisis,
559 4273 591 4319 ut
611 4259 720 4320 scincet
733 4257 839 4343 fisis
860 4280 879 4318 a
900 4258 985 4318 verbo

356 4366 379 4447 l
387 4368 401 4425 i
406 4365 461 4442 da,
470 4363 502 4449 s
502 4367 514 4425 i
519 4386 584 4426 sus
597 4387 675 4426 sum
688 4363 987 4448 archaiceeteiliptiee

362 4493 396 4529 eo
411 4485 504 4555 pacta
529 4475 688 4558 usurparit.
737 4473 858 4554 Hocque
886 4463 987 4532 uerum

362 4573 606 4658 vi'cimifirmant,
628 4599 690 4660 qua
716 4582 851 4641 continue
873 4575 991 4657 subjun-

362 4682 422 4762 gie.
462 4682 542 4742 Nam
558 4683 699 4764 quomoda
715 4699 783 4746 ante
797 4685 914 4745 diecret
925 4705 988 4768 pe·

366 4785 539 4848 ctoriius
558 4787 863 4870 truciorafisis,
876 4792 920 4848 ita
937 4787 986 4848 de·

367 4891 433 4960 inde
448 4893 627 4953 montibus
639 4911 760 4972 sequor
777 4913 985 4956 amaresce-

1033 2897 1145 2947 rare,
1181 2871 1352 2955 aggredi
1381 2883 1495 2950 atque
1522 2872 1660 2950 exequi

1031 2983 1208 3042 truciora
1225 2977 1470 3058 majoraque,
1485 2977 1658 3056 rarumqsu·

1033 3089 1110 3160 dem,
1125 3089 1154 3148 si
1167 3099 1309 3170 receptum
1325 3083 1416 3144 iatine
1430 3079 1567 3161 loquendi
1577 3103 1658 3145 suum

1033 3208 1159 3280 spectes,
1181 3205 1214 3253 at
1229 3187 1383 3250 secundum
1403 3207 1509 3246 morem
1534 3207 1569 3248 ac
1593 3209 1659 3246 con·

1036 3299 1213 3360 suetudinem
1227 3297 1342 3376 antiqui
1356 3293 1494 3354 sermonis
1502 3313 1601 3352 rarum
1609 3305 1661 3352 aut

1039 3428 1143 3466 nouum
1156 3401 1238 3463 iiaud
1252 3403 1301 3461 sit.

1090 3513 1192 3572 ²AEra
1203 3507 1300 3568 alt'cna
1320 3505 1402 3584 sequi
1414 3495 1527 3580 locello]
1541 3497 1668 3574 Alienus¹

1040 3634 1115 3701 opes
1122 3633 1231 3696 mogus
1240 3608 1376 3672 sollertis
1388 3603 1548 3669 etassiduo
1562 3602 1664 3666 studio

1039 3741 1109 3787 eum
1128 3719 1169 3780 ἱιι
1181 3717 1273 3780 finem
1287 3731 1425 3799 querere
1441 3723 1473 3775 et
1490 3710 1613 3789 venum,
1630 3723 1665 3771 ut

1039 3827 1100 3890 mei
1113 3824 1196 3910 'juris
1217 3821 1327 3885 fauere·
1341 3818 1477 3904 possim,
1512 3829 1548 3880 ut
1567 3835 1665 3881 mam

1040 3949 1214 3996 crumenam
1227 3928 1264 3990 iis
1283 3927 1427 4010 impleam
1441 3937 1472 3986 et
1484 3923 1528 3986 sio
1542 3941 1599 4007 per
1613 3920 1666 3984 sli-

1041 4057 1130 4100 ensm
1158 4036 1306 4119 jacturam
1324 4029 1481 4094 ditescam.
1535 4031 1667 4090 Loeeiius

1043 4165 1156 4229 pervus
1167 4143 1285 4204 loculus
1298 4159 1353 4202 seu
1366 4136 1540 4200 crumenuia
1554 4145 1609 4197 est.
1617 4131 1669 4218 (8)

1090 4253 1268 4333 ³AEquoreis
1295 4247 1406 4308 mnium
1430 4235 1533 4321 Iuerc's]
1564 4237 1669 4301 Editio

1044 4355 1186 4440 princeps
1206 4351 1300 4418 hebet
1314 4353 1450 4435 aquarn,
1469 4345 1524 4409 sed
1538 4356 1671 4410 mersum

1045 4473 1091 4523 est
1124 4459 1306 4542 dactylicum
1332 4452 1489 4520 Alasioum
1517 4449 1672 4515 catalecti-

1047 4587 1127 4646 cum,
1140 4567 1186 4629 uti
1197 4564 1273 4628 illud
1283 4557 1429 4631 Venusini
1445 4555 1521 4622 rutis
1537 4557 1672 4618 Flamma

1045 4677 1227 4736 constiterint
1239 4687 1343 4748 acut03
1358 4666 1431 4731 hine
1440 4665 1534 4750 igitur
1543 4665 1672 4750 Stepha-

1044 4778 1110 4842 nius
1125 4777 1193 4861 jure
1204 4795 1259 4840 suo
1271 4773 1375 4861 posuit
1387 4778 1533 4858 aquense.
1574 4774 1671 4833 Lucra

1046 4903 1186 4969 aequoses
1215 4895 1315 4958 suuis
1341 4902 1411 4966 quc
1437 4878 1506 4964 quis
1528 4896 1587 4962 per
1606 4878 1673 4940 ion·
