3548 5470
688 327 885 402 FROTHO.

333 537 503 614 Manum
518 537 686 614 nanneto
701 537 831 618 nulitat
843 539 1001 640 oresero
1008 569 1024 631 ;

271 661 434 736 Siluatu's
448 675 583 735 coemit
592 662 716 763 Aquili
719 668 731 710 ¹
737 717 752 752 ,
779 669 985 766 Larumque
999 679 1164 736 nocentes

335 787 424 858 Cum
440 786 580 858 Laruis
596 784 725 857 callem
735 783 964 887 parn‘ciparc
977 786 1125 859 student.

269 907 376 980 Salac
390 905 569 980 librantur
584 907 722 997 nuta,
741 908 993 1006 glomerantur
1007 907 1137 981 atain

332 1035 486 1120 Larua,
508 1053 604 1132 quas
620 1028 729 1104 Sinas
744 1035 893 1103 Fantua
899 1031 1034 1130 juncta
1046 1032 1208 1132 premit2.

266 1151 478 1225 &nandeisi
485 1152 604 1254 pediti
615 1165 751 1224 marnes
766 1168 900 1229 terrore
912 1153 1119 1246 redundat;

339 1275 461 1346 Tutius
476 1274 615 1348 excelsi
627 1291 731 1374 terga
741 1291 958 1377 premantur
978 1279 1066 1378 equi.

264 1395 321 1470 Ad
349 1395 648 1498 haec'Regnerus‚
670 1415 815 1473 serrum
839 1405 978 1500 regium
1002 1425 1041 1474 se
1062 1401 1257 1499 professus,
1277 1415 1349 1472 tam
1367 1399 1447 1474 lon·

134 1525 257 1623 ginqui
276 1544 298 1592 a
319 1517 430 1594 domo
446 1546 612 1596 exuemus
633 1547 777 1630 causam
798 1520 982 1610 adstruxit,
1013 1523 1126 1621 quod,
1155 1521 1444 1620 compastoralis

133 1645 252 1745 operis
267 1642 380 1742 gratia'
394 1667 455 1716 ras
481 1642 660 1744 relegatus
688 1671 824 1745 pecus,
850 1648 908 1718 cui
924 1661 1087 1744 praerat,
1103 1650 1292 1735 amisisset,
1318 1644 1445 1744 despe-

133 1785 208 1841 rata
220 1769 501 1862 recuperatione,
522 1765 642 1840 reditu
665 1767 842 1842 abstinere
872 1793 982 1865 quam
1007 1763 1149 1839 ultionis
1165 1791 1311 1864 poenam
1329 1773 1445 1842 incur·

135 1915 213 1963 rere
234 1903 480 1986 praeoptasset
539 1891 586 1963 Et
609 1917 654 1964 ne
679 1893 797 1965 fratris
830 1890 1070 1966 conditionem
1085 1885 1224 1962 silentio
1239 1896 1444 1988 praeteriret,

135 2011 202 2085 tale
215 2009 319 2084 dictis
336 2034 464 2108 poema
486 2009 689 2112 subjunxit:
1452 1993 1456 2000 ¹

232 2137 312 2206 Nos
326 2131 503 2220 nonanes,
517 2157 591 2206 non
604 2149 769 2209 mansne
781 2140 915 2238 puta³,
931 2159 1120 2236 seruosque
1137 2149 1324 2208 ntanentes
1367 2135 1370 2140 ’

286 2257 358 2328 Per
373 2255 456 2329 loca
464 2256 675 2356 pascendos
689 2261 900 2358 coagitasse
913 2283 1052 2358 greges.

237 2383 289 2452 At
305 2401 386 2451 cum
398 2401 467 2480 per
482 2390 622 2452 teneros
640 2404 831 2480 ageremus
844 2395 1005 2483 tempora
1032 2383 1149 2469 lususj

419 2529 428 2565 i

130 2692 264 2781 presules
289 2693 428 2756 attributi
539 2695 749 2760 Maurentium
810 2716 855 2761 re.
877 2697 1008 2762 Glossar.
1022 2691 1142 2758 Isidori:
1155 2691 1443 2778 Aquilum,suscum,
1526 2705 1536 2728 ·

132 2815 198 2885 post
227 2802 320 2860 uitam
359 2799 527 2884 corporibus
558 2799 751 2876 delectantur,
813 2808 938 2887 nigrum.
958 2804 1090 2866 Glossar.
1111 2799 1231 2886 Papiae:
1258 2797 1362 2880 Aquili
1377 2820 1442 2884 spe-

133 2921 214 2988 atque
234 2927 298 2966 cum
323 2903 368 2965 liis
390 2921 536 2970 manentes
563 2913 752 2996 appellantur
818 2913 875 2970 cies
902 2911 1078 2980 damonum,
1113 2909 1165 2990 qui
1195 2911 1224 2968 in
1255 2901 1443 2963 similitudine

133 3013 270 3074 bnans.
313 3011 376 3095 (tut
390 3015 419 3073 si
437 3015 505 3075 oi'tce
523 3019 635 3102 prioris
656 3019 757 3100 aelJ'riti
817 3017 980 3097 aquilarum
999 3029 1153 3102 apparent.
1219 3009 1341 3092 Aquilai
1361 3005 1442 3068 inter

124 3117 239 3200 fuerint
257 3117 420 3189 honestate,
448 3123 478 3180 in
499 3121 591 3184 Lares
619 3124 752 3187 domuum
817 3117 985 3182 hemitheos
1007 3117 1255 3182 commemorarit
1273 3111 1441 3176 Marcianus
1473 3124 1477 3134 ¹

134 3223 295 3305 urbiumque
310 3237 472 3286 metuntur.
524 3227 562 3288 Si
587 3243 683 3290 autem
705 3230 755 3292 da·
818 3225 941 3309 Capella
949 3227 1020 3289 loco
1031 3243 1129 3309 nuper
1138 3222 1241 3286 citato.
1252 3221 1441 3284 Sannum
1497 3297 1503 3312 ⁸
1582 3237 1585 3260 ¹

129 3343 293 3412 prauuntur
312 3351 349 3388 ee
370 3353 507 3416 corpore,
537 3335 642 3396 Larua
657 3337 754 3422 perhi-
817 3329 960 3398 linvltt:
978 3329 1441 3418 Quemconu'tilussorisprasto-

133 3433 232 3495 bentm
250 3459 285 3497 ac
305 3437 417 3498 Mania
437 3461 477 3496 .·..
498 3441 536 3500 In
550 3439 596 3500 lu's
609 3444 696 3504 etiam
714 3445 757 3505 lo·
817 3439 878 3500 lari
899 3439 1011 3520 jussis,
1050 3440 1197 3520 ingressus
1230 3434 1303 3495 duos
1331 3435 1442 3494 nimia

132 3541 171 3599 ci's
188 3539 327 3601 Suiuanes
338 3563 490 3626 eorumque
504 3549 665 3630 prasinus,
687 3551 756 3610 Ma.
814 3543 998 3626 granditatis
1010 3543 1132 3626 Aquites
1153 3543 1345 3626 conspicatur.
1366 3533 1417 3616 (S)

132 3660 268 3728 naatque
285 3649 457 3719 Manuana,·
489 3647 534 3709 dii
552 3655 654 3723 etiam,
684 3675 754 3738 quos

132 3753 250 3833 Aquilae
263 3751 371 3813 dieunt.
419 3755 492 3814 Item
514 3757 607 3828 Fura,
628 3763 753 3823 Fiirina·

134 3875 187 3938 que
200 3871 228 3918 et
242 3873 337 3920 mater
351 3859 457 3920 Mania
532 3863 631 3948 Ipsam
647 3885 755 3950 quoque

134 3978 251 4037 terrant,
269 3985 333 4048 qua
351 3965 510 4026 homini'bus
531 3969 610 4030 i'rioia
637 3987 693 4042 est,
713 3995 759 4033 re·

125 4069 255 4148 jaciunt
273 4071 467 4154 longaevorum
489 4069 581 4144 cliori,
608 4078 661 4157 qui
676 4077 757 4139 habt-

40 4224 45 4254 ,
133 4188 198 4234 tutu
209 4177 320 4258 sylvas,
331 4197 460 4245 nemora,
474 4176 565 4248 lucos,
580 4175 754 4262 lacusjon-

132 4295 176 4341 tes
196 4304 228 4342 ac
238 4284 351 4364 fluvios
376 4283 617 4368 appellanturque
643 4289 753 4360 Panes,

132 4388 238 4459 Fuitne}
256 4391 361 4461 Fortes,
377 4389 492 4472 Satyri,
507 4391 643 4472 Syluani,
660 4395 753 4474 Nym·

127 4489 207 4574 plia,
231 4495 333 4565 Fatui,
358 4500 514 4580 Fatuoequc
542 4495 589 4555 nel
620 4498 754 4570 Fauian,

132 4597 279 4660 ueletiam
303 4603 404 4672 Furia,
428 4626 447 4662 a
466 4603 566 4686 quibus
584 4605 667 4662 Fana
695 4603 753 4664 ilic·

135 4717 180 4774 ta,
201 4705 275 4786 quod
288 4708 403 4770 soleant
420 4709 560 4770 diuinare.
746 4693 750 4703 Ι

178 4811 188 4846 ¹
201 4809 310 4895 Aquili]
324 4815 461 4876 Monstra
476 4809 750 4896 quendamlortasse

132 4909 176 4974 alc
184 4911 259 4981 ditia
272 4917 310 4982 ab
319 4919 496 5005 aquilo,ltoc
505 4931 561 4998 esi,
569 4918 658 5004 nigro
667 4920 749 4996 colo·

363 5055 373 5102 i

860 3651 872 3685 ²
885 3649 968 3734 Quas
981 3650 1068 3710 Simu
1082 3647 1311 3728 Fantuajuneta
1319 3639 1442 3732 premit]

816 3753 944 3816 Fantuae
968 3771 1089 3838 quoquo
1118 3749 1255 3814 meminit
1279 3747 1402 3832 Capella
1423 3747 1442 3808 l.

815 3875 841 3920 o.
903 3857 1001 3922 Simos
1028 3879 1102 3922 vero
1131 3853 1249 3920 alacie
1271 3855 1344 3918 sima
1367 3851 1443 3916 dixit

817 3965 958 4046 Satyros,
984 3985 1113 4050 quorum
1134 3963 1203 4028 talis
1228 3962 1346 4049 pictura
1361 3957 1441 4044 apud

817 4083 943 4133 veteres.
965 4067 1014 4148 (S)

861 4179 951 4239 ³Nos
971 4177 1109 4245 Ιιοιιιίηω,
1129 4197 1186 4235 non
1207 4187 1335 4234 monstra
1347 4167 1439 4256 puta]

815 4285 854 4346 Ut
875 4279 996 4345 initium
1018 4279 1107 4362 hujus
1132 4276 1270 4340 carminis
1291 4274 1441 4358 intelliga-

813 4401 874 4467 tur,
898 4383 1362 4472 cogitandumest‚Regne1-um
1391 4377 1438 4441 iu-

816 4493 996 4557 cantationis
1018 4491 1141 4574 magioae
1156 4487 1280 4550 omnino
1302 4485 1439 4572 ignarum

815 4597 987 4676 credidisse,
1018 4617 1051 4660 so
1085 4593 1271 4680 fratremque
1300 4595 1439 4680 squalore

802 4701 955 4767 'horridos
978 4723 1032 4766 cen
1069 4713 1203 4766 monstra
1239 4702 1376 4788 quosdam
1391 4705 1438 4766 vel

812 4811 983 4895 prosapiam
1008 4813 1150 4896 sangvine
1176 4809 1318 4894 giganteo
1340 4823 1438 4872 ortam

812 4917 974 5004 indigitari.
