3506 5458
359 307 433 380 530
715 309 891 380 HISTOR.
907 311 1013 381 DAN.
1035 311 1173 382 LIBER
1189 313 1233 382 X.

307 519 564 618 insequebatur
586 525 773 609 autoritas,
808 543 933 607 reum,
951 519 1063 594 veluti
1085 518 1266 594 evidenter
1290 522 1436 594 nonium
1464 521 1622 621 nihilque

308 647 382 744 jam
397 665 466 739 pro
488 661 527 715 se
540 655 778 734 recusantem,
807 640 957 731 bonore,
975 641 1129 740 opibus,
1153 647 1267 740 patria
1291 661 1401 742 atque
1425 650 1524 716 omni
1553 641 1623 717 de-

307 791 408 838 mum
426 763 562 836 militari
580 763 760 838 iunctione
776 763 1031 838 damnantium.
1093 765 1267 840 Hostibus
1280 767 1362 864 ejus
1374 763 1495 840 bonos
1516 783 1623 864 atque

309 889 500 987 impunitas
516 883 827 984 adjudicabantur.
862 889 968 960 Juxta
984 894 1020 958 in
1033 906 1248 984 praesentem
1262 889 1522 986 absentemque
1535 914 1623 962 sen-

308 1013 420 1084 tentiae
436 1009 652 1082 ferebantur.
713 1009 782 1081 Sua
804 1007 896 1082 nulli
921 1009 1163 1110 longinquitas
1178 1010 1345 1109 praesidio
1368 1035 1448 1085 esse
1470 1027 1622 1108 poteret,

309 1157 384 1230 quo
399 1133 517 1204 minus
532 1149 567 1204 et
583 1137 763 1205 accusatio
780 1130 930 1205 testibus
947 1147 983 1204 et
1008 1129 1193 1206 damnatio
1216 1137 1398 1210 sententiis
1424 1140 1622 1207 instruere-

308 1275 375 1328 tur.
425 1257 585 1347 Quarum
605 1271 759 1353 utraque
773 1253 883 1351 plene
902 1268 1023 1351 partes
1036 1275 1126 1328 suaa
1142 1251 1351 1348 exhibente,
1375 1281 1439 1330 reo
1461 1257 1621 1330 defensi-

307 1381 386 1452 onis
403 1376 568 1476 amplecti
589 1375 797 1476 praesidium
822 1403 897 1450 non
914 1375 1080 1454 licebat,
1118 1379 1213 1450 Tum
1236 1376 1382 1450 demum
1400 1403 1475 1469 rex,
1492 1381 1620 1478 cogni-

306 1505 403 1573 tione
418 1517 605 1597 suscepta,
631 1525 676 1572 an
698 1523 740 1571 ca
768 1499 900 1570 caeteris
917 1501 1168 1595 pronunciatio
1188 1500 1398 1598 placuisset,
1421 1505 1622 1598 interrogat.

308 1627 391 1720 lpse
408 1626 502 1695 enim
518 1619 688 1694 auditoris
707 1637 841 1694 tanturn
861 1637 1001 1719 partem
1022 1645 1217 1721 exequens,
1238 1622 1369 1696 militiae
1397 1623 1622 1723 judicationis

307 1744 489 1820 mandavit
506 1744 705 1837 arbitrium,
722 1741 885 1816 deforme
902 1759 1007 1818 ratusu
1020 1743 1191 1818 damnare
1208 1751 1323 1836 viros,
1357 1771 1451 1846 quos
1465 1751 1545 1845 ipse
1558 1746 1620 1818 fo—

308 1873 422 1944 visset.
489 1871 720 1966 Quapropter
742 1869 779 1939 in
802 1891 885 1957 eos,
917 1891 1074 1965 quorum
1090 1870 1366 1968 egregia-opera
1392 1889 1480 1942 usus
1496 1865 1621 1958 iuerat,

309 2017 435 2091 aspere
452 1991 693 2088 pronunciare
708 1990 852 2081 veritus,
887 1992 1120 2086 quaestionem
1139 1990 1241 2065 adse
1259 1983 1412 2066 delatam
1438 1990 1485 2064 ad
1514 1996 1619 2062 euriae

309 2115 543 2214 cognitionem
561 2112 742 2212 relegavit,
758 2109 1009 2209 silentiumque
1020 2113 1271 2190 moderationis
1287 2141 1363 2191 suae
1377 2116 1488 2190 fidem
1506 2135 1617 2211 quem

307 2237 511 2312 sententiam
529 2241 724 2308 severitatis
741 2252 867 2308 testem
883 2261 960 2310 esse
974 2234 1108 2308 maluit
1148 2239 1315 2335 Cumque
1329 2237 1488 2328 demum,
1502 2261 1618 2310 esau-

308 2361 379 2434 dita
398 2357 545 2430 militum
559 2363 802 2455 responsione,
816 2364 923 2432 totius
939 2361 1119 2432 concionis
1129 2358 1297 2460 suffragia
1303 2361 1514 2461 judicationi
1528 2383 1616 2431 con-

308 2499 477 2555 sentanea
486 2497 727 2571 noscerentur,
745 2483 807 2577 qui
814 2479 1004 2556 damnatus
1018 2483 1143 2575 fuerat,
1160 2475 1370 2585 interrogari
1379 2484 1614 2574 edebattee-

311 2629 398 2677 reno
411 2629 456 2676 an
465 2607 643 2676 maritimo
653 2626 793 2678 secessu
803 2604 928 2704 fugam
940 2623 1063 2703 petere
1071 2605 1293 2682 decrevisset.
1319 2611 1368 2680 lta
1384 2611 1614 2705 rexpmseti·

306 2729 427 2825 ptione
442 2751 526 2800 suos
543 2749 653 2824 quam
672 2751 759 2799 nece
772 2731 889 2824 puniri
907 2728 1330 2829 maluit¹,delectumque
1348 2730 1458 2829 suges,
1474 2755 1519 2802 ne
1532 2729 1612 2802 vio-

302 2977 372 3040 stris
388 2974 507 3059 legibue
519 2971 749 3052 confirmatum,
776 2993 861 3041 reon
887 2974 926 3040 ad
985 2980 1092 3060 puet'rt'
1112 2973 1231 3070 meleu]
1253 2971 1344 3059 Apud
1365 2976 1538 3040 Stenonetn
1551 2979 1611 3062 ag-

306 3086 507 3160 juramentum
516 3081 725 3165 purgatorium
736 3101 806 3142 rnox
822 3079 930 3144 admit·
988 3082 1158 3166 genitheo
1173 3083 1324 3146 certantia
1345 3093 1378 3144 et
1390 3103 1519 3166 sequens
1543 3104 1610 3167 pro-

304 3189 430 3252 tendam
440 3208 515 3266 esse,
529 3189 612 3249 nulla
627 3187 749 3248 testium
761 3187 929 3256 esuriera-
986 3189 1166 3274 scriptionis
1182 3189 1262 3252 ratio
1278 3189 1320 3252 ita
1337 3190 1500 3272 exponitur
1512 3213 1542 3274 p.
1557 3183 1609 3250 158

305 3291 849 3370 tiooehabits‚boclocoobservaqin
860 3295 928 3376 lege
988 3317 1054 3380 cap.
1074 3292 1129 3358 14:
1157 3298 1272 3380 Siquis
1289 3297 1460 3358 detestande
1473 3298 1608 3380 lteejecr'·

304 3401 411 3464 Canuti
426 3399 569 3464 cestrensi
580 3399 842 3482 remlongealiter
858 3397 928 3462 iuis·
988 3425 1059 3463 erere
1075 3427 1105 3463 se
1121 3406 1238 3463 nert'em
1253 3403 1427 3474 reddederet,
1443 3419 1475 3462 ut
1488 3401 1608 3488 prediti-

303 3529 334 3568 se
345 3509 625 3589 institutam‚quum
636 3518 822 3568 reus-contra
838 3517 929 3569 testes
986 3513 1052 3570 ears
1074 3511 1226 3570 consilium
1244 3527 1349 3571 contre
1367 3509 1514 3568 deminum
1534 3531 1608 3568 suun

302 3615 368 3675 ullu
388 3625 567 3696 argumento
591 3633 655 3676 sese
686 3611 765 3674 tueri
791 3611 931 3695 nequiret
988 3617 1087 3676 molr'rr'
1103 3638 1190 3678 austu
1206 3617 1321 3699 suerat,
1341 3637 1400 3675 nen
1428 3615 1521 3674 selum
1536 3617 1607 3680 erle,

302 3703 358 3780 nec
376 3719 403 3780 ei
423 3718 529 3782 liceret
548 3719 794 3803 “restipulatione
817 3719 883 3796 uti,
905 3718 932 3780 si
986 3723 1042 3784 sed
1060 3737 1090 3784 et
1117 3726 1209 3784 omne
1223 3721 1397 3798 ‚substante
1420 3743 1480 3780 rue
1491 3723 1606 3800 Jeetere

300 3827 464 3908 sponsione
491 3836 674 3910 provocatus
695 3823 802 3887 esset.”
843 3829 929 3890 Voce
989 3829 1070 3888 diem
1090 3826 1286 3888 deremendum
1309 3843 1491 3888 temnerent.
1545 3827 1605 3886 Hac

299 3933 472 4014 sponsionis
490 3929 569 3994 baud
597 3929 687 3992 dubie
710 3927 812 3992 reddit
834 3933 929 3994 Deni-
983 3936 1085 4014 itaque
1104 3933 1212 4015 serere
1234 3931 1457 3994 ceneenr'endene
1488 3931 1605 3992 deense

299 4056 368 4098 cunt
381 4056 419 4102 et
425 4040 527 4119 sestoe
540 4039 624 4121 lugd,
640 4037 659 4098 i.
671 4057 696 4098 e.
713 4035 927 4120 probationem
988 4055 1057 4098 reret
1058 4081 1070 4109 ,
1085 4043 1114 4098 εἰ
1126 4060 1207 4120 quent
1220 4061 1271 4099 ree
1282 4037 1546 4112 depredationem!
1553 4039 1606 4096 cri-

297 4160 355 4228 per
372 4143 573 4224 juramentum
593 4145 784 4226 promittere,
795 4141 927 4228 sponde·
986 4167 1060 4206 mene
1077 4145 1240 4223 mejestatis
1258 4185 1280 4202 ..
1301 4142 1465 4230 (nonnulla
1483 4138 1604 4216 desunt).

297 4267 339 4310 re.
381 4249 529 4334 Slitaque
549 4262 636 4312 autor
653 4249 690 4312 ad
710 4263 799 4312 testes
814 4269 926 4334 provo·
984 4253 1083 4312 Donec
1095 4255 1139 4312 ite
1153 4252 1301 4313 aelr'sr'nus
1321 4267 1424 4314 metes
1443 4251 1604 4336 tinplerert'te

297 4368 429 4433 caveret,
445 4356 503 4420 tibi
521 4356 735 4441 probationem
759 4357 925 4441 suscipiens
985 4371 1018 4417 ut
1037 4361 1208 4417 t'ntueett'ttm
1229 4381 1260 4418 se
1280 4361 1414 4441 aspectui
1431 4356 1602 4420 euldtteert'ts

296 4461 410 4536 (harde
425 4461 526 4527 iaestet
544 4464 643 4549 logii),
665 4483 718 4526 reo
735 4485 752 4525 a
770 4485 823 4526 sua
839 4476 927 4546 parte
985 4480 1038 4524 eet
1052 4467 1222 4546 srssjeeent'e
1234 4464 1438 4546 patefaciente,
1461 4465 1541 4524 nmis
1555 4481 1600 4520 en·

296 4565 376 4630 itletn
391 4565 492 4632 lacere
508 4568 713 4656 (restipulari)
729 4571 776 4633 vel
791 4568 830 4632 ad
846 4569 927 4646 iura·
985 4571 1041 4630 des
1061 4571 1219 4653 conpulerit,
1245 4568 1336 4632 donee
1364 4591 1503 4632 temeram
1528 4587 1600 4650 erpt-

296 4687 432 4736 tttentum
447 4681 659 4762 purgatorium
679 4695 838 4740 recurrere
862 4695 924 4738 non
982 4691 1060 4735 ctum
1076 4692 1244 4735 caracterem
1261 4677 1352 4738 cerdis
1367 4677 1553 4742 ederunt,
1573 4673 1599 4730 ie

296 4777 417 4841 licebat.
436 4781 667 4867 (Rosenripge).
981 4783 1081 4842 littore
1097 4795 1230 4842 tenentur
1240 4783 1419 4866 prestolari.
1472 4780 1528 4841 Uli
1539 4797 1601 4838 eure

342 4887 351 4918 ¹
365 4886 428 4942 Iter
438 4894 650 4972 prescriptione
666 4915 734 4951 setes
751 4911 837 4972 qttem
855 4911 923 4950 nece
980 4887 1072 4970 paule
1086 4887 1202 4968 longius
1212 4903 1378 4972 protectum
1393 4891 1423 4948 r'n
1437 4886 1542 4969 pelage
1557 4881 1601 4940 tle·
