3476 5460
1057 1325 1075 1383 l

200 1500 426 1614 Saxonis
459 1499 810 1616 Grarnmntici
843 1503 1089 1614 Historiae
1123 1501 1350 1610 nanee

548 1709 720 1814 ,Liber
751 1709 968 1840 Nouus¹.
1036 1710 1039 1716 “

858 1943 1107 1960 amu-—

99 2043 292 2186 'olavuff
316 2081 449 2154 Gotrici
471 2077 566 2156 filius
583 2099 685 2182 patre
707 2101 851 2158 mortuo
874 2099 1006 2184 regnat
1059 2085 1125 2158 Hic
1158 2099 1316 2184 paternae
1343 2081 1425 2151 vin·-

109 2203 215 2308 dictae
232 2199 350 2277 studio
367 2201 531 2278 civilibus
547 2207 700 2308 patriam
716 2204 821 2279 bellis
837 2203 1019 2304 implicare
1035 2207 1218 2298 sustinuit,
1243 2201 1425 2303 publicam

108 2331 281 2428 pietatem
299 2326 440 2426 privato
454 2325 596 2402 affectui
614 2327 849 2428 subjiciendo.
910 2329 1025 2426 Cujus
1045 2328 1179 2400 extincti
1197 2350 1329 2423 corpus
1344 2323 1426 2398 col-

108 2449 156 2525 lis
174 2447 277 2525 olavi
293 2448 395 2522 titulo
413 2448 557 2526 celeber
573 2474 692 2549 prope
705 2449 877 2524 Lethram
893 2465 1084 2550 congestus
1102 2453 1249 2546 excepit.
1387 2427 1392 2440 ⁸

102 2549 108 2560 ⁸
245 2574 338 2646 Huic
354 2571 514 2648 succedit
531 2576 801 2676 llemmingus³3
828 2575 931 2673 cujus
948 2571 1098 2676 dignum
1118 2589 1315 2646 memoratu
1333 2595 1426 2672 opus

109 2697 412 2792 nourepe1·i,nisi
430 2695 531 2796 quod
546 2721 677 2796 pacem
698 2724 782 2774 cum
800 2700 941 2772 Caesare
956 2693 1165 2770 Ludovico⁴
1191 2693 1424 2796 jurisjurandi

109 2820 278 2896 firmitate
294 2819 507 2918 composuit.
559 2823 604 2892 Et
621 2819 714 2893 sorte
737 2797 925 2918 complura
948 2837 1151 2919 temporum
1171 2821 1250 2918 ejus
1268 2823 1426 2916 insignia,

110 2965 326 3050 quanquam
343 2939 515 3040 p'raeclnra
532 2941 714 3034 extiterint,
739 2921 918 3016 vetustatis
935 2940 1046 3016 livore
1063 2959 1236 3044 teguntur.

151 3163 155 3170 ¹
247 3067 331 3137 Post
344 3060 412 3137 bos
429 3061 612 3162 Syvardus
633 3080 873 3164 cognomento
892 3067 1021 3166 Ring⁵‚
1045 3093 1155 3164 quem
1173 3065 1335 3166 ejusdem
1353 3092 1425 3138 nu-

111 3191 217 3262 minis
234 3202 355 3287 pater,
380 3189 567 3288 Norvngiae
584 3185 668 3277 dux,
692 3186 777 3262 olim
793 3214 834 3259 ex
851 3189 983 3262 Gotrici
1003 3187 1075 3260 filia
1091 3205 1314 3286 susceperat,
1337 3192 1426 3260 Sen-

111 3317 168 3386 nis
187 3307 432 3406 Sialandisque
451 3307 653 3384 fautoribus
671 3326 802 3409 regnat.
864 3311 952 3380 Nam
974 3312 1210 3386 consobrinus
1233 3314 1312 3410 ejus
1336 3313 1427 3382 llin-

109 3464 161 3538 go
188 3432 357 3529 idemque
372 3433 506 3504 Gotrici
526 3457 638 3532 nepos
666 3435 800 3504 lutiam
825 3431 1040 3529 occupabat.
1101 3436 1212 3534 lgitur
1231 3435 1334 3506 unius
1363 3460 1423 3504 re-

111 3564 174 3662 gni
191 3552 337 3629 dividua
354 3571 521 3654 potestas,
550 3573 720 3654 tanquam
737 3571 889 3652 utraque
915 3572 1016 3654 parte
1032 3556 1081 3626 ob
1098 3559 1302 3654 parvitatem
1320 3559 1428 3654 igno·
1508 3625 1510 3630 .

113 3681 192 3773 bili,
218 3706 291 3752 non
309 3681 429 3776 sperni
446 3677 568 3772 modo,
584 3675 769 3751 sedetiam
785 3675 908 3750 lacessi
923 3676 972 3748 ab
996 3681 1121 3752 exteris
1146 3681 1267 3776 coepit.
1327 3683 1427 3770 Quos

112 3801 300 3905 Syvardus
316 3801 452 3898 majore
470 3798 555 3874 odio
574 3827 686 3902 quam
702 3800 800 3900 regni
824 3800 995 3874 aemulum
1018 3801 1219 3896 insecutus,
1244 3805 1428 3905 peregriua

163 4076 269 4136 'Liber
290 4067 397 4150 nonus]
426 4073 459 4131 ln
486 4065 533 4132 ed.
553 4071 651 4152 princ.
675 4069 742 4132 haec
849 4071 993 4134 'Crescere
1027 4069 1186 4152 Lodoot'co]
1214 4073 1311 4168 Quam
1350 4073 1429 4132 Saxo

113 4183 261 4264 leguntur
280 4177 349 4240 loco
369 4175 469 4238 tituli:
494 4178 630 4256 Ejusdem
649 4179 743 4238 Saxo·
803 4187 908 4236 noster
930 4175 967 4234 ad
994 4178 1143 4236 Caesarem
1165 4177 1353 4238 [rudoricum
1383 4199 1428 4238 rt·-

115 4293 163 4349 m‘s
192 4285 385 4348 Grammatici
406 4285 466 4343 viri
492 4283 678 4344 dt'sertissimt'
709 4285 745 4343 de
803 4279 864 4340 let-t
880 4281 1064 4362 pactionem,
1081 4283 1175 4344 exteri
1191 4283 1297 4345 borum
1313 4294 1430 4368 lempu-

115 4394 201 4456 retas
215 4391 339 4452 Dentis
357 4389 536 4450 lihernonus
559 4389 661 4476 incepit
670 4388 745 4472 soli-
804 4404 870 4447 rum
900 4386 1065 4468 scriptores
1096 4389 1128 4447 in
1164 4368 1295 4451 extrema
1328 4391 1428 4451 Caroli

113 4505 197 4563 citet·-
806 4501 943 4573 tcmpnrn
960 4491 1109 4570 rejiciunt.
1132 4493 1182 4570 (S)

161 4597 313 4678 ²Otaoos]
336 4604 385 4664 De
397 4619 434 4662 eo
449 4601 509 4664 viel.
530 4611 594 4663 not.
618 4597 701 4662 uber.

161 4705 390 4790 'Hcmmt'ngud
407 4706 546 4768 Aliorum
560 4705 743 4788 scriptorum
850 4707 1026 4785 lti'sncnulns
1054 4709 1241 4787 cognorrtento
1266 4702 1359 4786 Ilt'npl
1386 4707 1430 4766 lla

115 4816 154 4880 ‹le
175 4837 213 4879 co
239 4833 311 4898 rege
336 4811 507 4876 testimonia
534 4813 592 4884 vill.
618 4813 649 4874 in
682 4825 743 4902 not.
805 4809 925 4872 cotide
945 4811 1104 4874 notabor.

117 4923 203 4986 uber.
444 4931 445 4938 ’
