3548 5470
355 323 404 396 34
698 323 881 396 -tttstott,
908 323 1217 396 Demittunt.

484 537 595 608 Nunc
611 531 710 606 male
726 557 783 606 me
793 533 1015 636 projt'ct'ent¹
1026 531 1114 634 sert
1131 533 1259 608 altena
1275 549 1364 610 troia

486 655 586 730 Filia
602 654 841 756 Sumblifera
857 655 988 756 St‘gne,
1012 673 1117 730 oetas
1133 671 1308 730 caetrata

485 779 635 868 Foedus,
650 793 686 851 ct
698 779 971 882 tmoapoa'tum
986 780 1193 882 concinens
1205 804 1367 852 autorem

487 899 682 975 Foenn'neoe
695 901 764 974 dat
775 899 1104 1002 leuitatitscct'nus
1119 901 1322 976 notandum
1329 958 1344 992 ,

489 1029 581 1126 Quae
589 1047 762 1126 proceres
774 1021 970 1125 illaqueat,
987 1023 1143 1128 pellicei,
1162 1024 1420 1126 acquesceclot,

487 1153 583 1220 Ante
599 1147 693 1222 alios
707 1147 885 1247 tingendos
895 1149 1085 1251 proeetpue
1098 1148 1269 1249 refellens
1276 1203 1291 1238 ,

486 1273 565 1346 Nec
580 1268 721 1344 stabilate
729 1287 928 1373 permanet
943 1273 1023 1363 ulli,
1048 1273 1244 1372 tiatbatquc
1259 1295 1414 1374 sentpcr,

487 1392 673 1494 Artctpt'tcs
691 1393 906 1495 parntriens
930 1395 1166 1497 dianamque
1182 1409 1307 1469 motos.

407 1521 554 1590 Etcum
570 1515 692 1590 dieto²
710 1514 895 1591 discubitu
911 1515 1060 1593 evolans
1081 1521 1277 1594 Henricum
1294 1525 1384 1592 inter
1398 1541 1501 1592 sacra
1518 1543 1622 1592 men-

303 1643 373 1716 sae³
394 1657 429 1714 et
445 1644 645 1713 amicorum
668 1637 880 1738 complexus
897 1639 1101 1732 obtruncat,
1127 1665 1374 1742 sponsamque
1398 1641 1526 1716 mediis
1553 1643 1622 1716 ab·

304 1780 473 1840 structam
497 1762 697 1860 pronubis,
721 1787 851 1862 magna
877 1766 1111 1838 convivarum
1136 1782 1239 1864 parte
1265 1781 1462 1864 prostrata,
1495 1789 1622 1839 secum

304 1891 448 1987 navigio
461 1883 640 1983 deportat.
701 1889 814 1985 Igitur
830 1887 965 1984 nuptiis
983 1887 1020 1958 in
1038 1887 1208 1986 exequias
1226 1889 1351 1978 versis,
1377 1885 1500 1962 doceri
1518 1889 1621 1960 Finni

304 2025 513 2113 potuerunt,
539 2003 663 2081 alienis
680 2006 866 2084 amoribus
884 2033 1013 2082 manus
1032 2011 1130 2107 injici
1145 2035 1219 2084 non
1243 2025 1423 2108 oportere.

409 2137 472 2206 His
487 2134 608 2233 gestis,
634 2153 655 2202 a
676 2155 763 2230 rege
776 2133 967 2230 Norvagiae
991 2127 1228 2230 Svibdagero‚
1262 2131 1351 2206 dum
1371 2147 1542 2230 stupratae
1562 2155 1624 2206 so·

306 2261 399 2331 roris
425 2256 591 2353 iujuriam
608 2279 651 2326 ac
667 2253 870 2326 lacessitam
891 2251 975 2326 filiae
992 2251 1202 2350 pudicitiam
1222 2253 1345 2328 ulcisci
1364 2269 1526 2364 conatur,
1551 2280 1623 2352 op-

306 2379 506 2480 primiturt.
559 2379 638 2450 Hoc
652 2374 824 2475 proelium
840 2376 1022 2450 Saronicis
1047 2377 1185 2476 insigne
1205 2379 1319 2476 copiis
1342 2375 1428 2466 fuit,
1455 2401 1547 2475 quas
1574 2375 1623 2450 ad

307 2497 438 2575 auxilia
460 2497 685 2599 Sribdagero
701 2495 854 2572 ferenda
869 2521 944 2572 non
964 2513 1039 2570 tam
1066 2501 1181 2598 ipsius
1205 2501 1355 2590 caritas,
1390 2523 1501 2599 quam
1526 2502 1623 2572 Hen-

307 2625 449 2698 rieianae
467 2619 611 2696 ultionis
630 2617 810 2718 cupiditas
827 2621 1063 2719 provocabat.

408 2743 488 2818 Filii
502 2745 625 2834 (iram,
652 2740 878 2818 Guthormus
892 2757 929 2816 et
951 2742 1157 2844 Hadingus,
1184 2769 1343 2844 quorum
1360 2742 1514 2817 alterum
1535 2745 1625 2832 Gro,

308 2869 461 2942 alterum
485 2866 593 2964 Sigae
623 2871 726 2939 enixa
751 2881 825 2957 est,
858 2864 1084 2967 Svibdagero
1116 2870 1268 2942 Daniam
1294 2866 1515 2957 obtinente⁵,
1557 2891 1628 2964 per

309 2990 544 3065 educatorem
565 3014 674 3064 suum
695 2985 835 3061 Brache
866 3013 961 3062 nave
984 2989 1140 3064 Svctiam
1166 2989 1363 3090 deportati,
1404 2985 1627 3088 Vaguopbto

309 3129 345 3186 et
358 3109 516 3210 Haphlio
531 3111 738 3212 gigantibus
763 3137 837 3186 non
851 3112 972 3186 solutu
987 3109 1118 3206 alendi,
1144 3137 1272 3188 rerum
1290 3119 1397 3186 etiam
1412 3109 1628 3186 delensandi

309 3234 510 3310 traduntur.

413 3359 579 3451 Quorum
604 3362 805 3430 summatim
833 3379 947 3454 opera
965 3362 1220 3456 perstricturus
1247 3381 1293 3429 ue
1321 3354 1481 3456 puhlicae
1507 3357 1631 3430 existi·

310 3480 455 3552 motioni
476 3485 653 3552 contraria
678 3496 740 3553 aut
757 3481 833 3554 veri
848 3478 958 3553 fidem
982 3477 1189 3551 excedentia
1213 3477 1367 3552 fidenter
1389 3494 1551 3552 astruere
1574 3485 1630 3551 vi-

310 3602 415 3692 dear,
438 3625 546 3676 nosse
560 3627 682 3702 operae
699 3606 855 3701 pretium
873 3617 938 3692 est,
947 3601 1076 3700 triplex
1091 3579 1281 3700 ¹quondam
1292 3599 1631 3682 mathematicorum

310 3729 446 3828 genusi
474 3723 619 3800 inauditi
647 3730 788 3826 generis
814 3724 985 3800 miracula
1010 3721 1173 3798 discretis
1203 3731 1404 3800 exercuisse
1427 3727 1630 3824 praestigiis,

359 4061 425 4120 ’τηε
439 4051 614 4143 projt'ct'ens]
633 4058 783 4138 Projt'ccrc
803 4055 834 4118 h.
853 4056 874 4118 l.
896 4065 942 4118 esi
1001 4079 1053 4116 cra
1072 4077 1176 4116 mensa
1188 4070 1217 4116 ct
1232 4058 1308 4115 inter
1320 4053 1500 4118 hilaritatem
1517 4057 1632 4118 antino·

312 4162 452 4249 rejicere,
473 4172 679 4224 contemnere.
701 4159 753 4242 (S)
999 4182 1063 4220 ram
1077 4161 1234 4221 tolleretur.
1255 4154 1304 4240 (S)

359 4271 450 4332 ²Cttrn
464 4264 887 4349 dt'ctoJCentietoccurrithic
896 4267 941 4330 lo·
1043 4268 1099 4326 ‘A
1109 4287 1176 4348 rege
1189 4269 1351 4350 Notatagt'oe
1370 4260 1559 4356 opprimitur]
1579 4265 1632 4326 De

312 4373 540 4461 quendimodus
548 4373 740 4436 iuMarciauo
749 4373 882 4458 Capella.
890 4369 941 4454 (S)
998 4369 1059 4434 fide
1083 4369 1227 4434 historica
1251 4373 1346 4434 totius
1374 4371 1558 4438 narrationis
1589 4368 1633 4434 dc

359 4485 469 4544 ³Intet¹
483 4507 570 4544 sacra
586 4476 702 4562 arcusa]
727 4478 760 4542 id
780 4491 837 4558 est,
860 4478 941 4541 inter
1000 4477 1114 4540 Gramo
1130 4473 1190 4539 rid
1204 4491 1268 4542 not.
1281 4477 1331 4540 ub.

314 4582 489 4646 convitium
510 4585 657 4648 sollenne.
725 4585 777 4649 Sic
799 4583 942 4652 Valerius
1046 4585 1392 4670 ‘Sot'bdugeroDaut'am
1406 4577 1566 4664 obtinente]
1580 4581 1634 4644 De

313 4687 458 4754 Maximus
471 4689 524 4752 lib.
537 4691 573 4767 tt,
598 4687 627 4768 1,
642 4685 672 4751 8.
703 4691 873 4754 Conveniam
887 4695 942 4754 eti·
1000 4689 1189 4774 Svibdagero
1205 4702 1235 4753 ct
1246 4692 1411 4756 Guttormo
1423 4689 1486 4755 rid.
1500 4701 1565 4752 not.
1578 4687 1634 4750 ub.

314 4821 361 4860 unt
380 4798 495 4857 solenttc
511 4796 635 4876 majores
653 4799 893 4874 t'ttstitttcrunt..‚
909 4811 942 4856 ut
1045 4797 1182 4881 “Triplex
1195 4799 1339 4878 quondam
1362 4799 1635 4862 mathematicorum

314 4904 343 4963 si
355 4923 414 4984 qua
427 4943 452 4962 ..
471 4901 589 4984 querele
603 4913 671 4962 orte
684 4917 772 4973 esset,
795 4901 878 4988 apud
894 4925 942 4965 sa·
999 4895 1107 4984 genus]
1137 4899 1342 4967 Mathematici
1377 4904 1438 4967 hoc
1465 4903 1534 4966 loco
1555 4913 1634 4964 sunt
