3506 5458
401 301 478 380 sse
700 267 702 274 ’
738 307 913 378 msron.
930 307 1035 380 nas.
1051 307 1188 382 tmen
1206 311 1249 382 x.

301 535 305 544 ’
352 535 564 613 mpetum
597 513 820 613 respondens
850 515 899 590 ab
918 518 1051 594 eximio
1070 521 1149 618 ejns
1175 519 1370 619 qusndnre
1387 527 1422 593 in
1435 520 1651 619 protundum

351 635 511 735 csltginis
537 635 703 708 secedere
723 661 796 710 non
823 639 977 716 erubuit.
1045 639 1115 715 Sed
1137 649 1195 716 cui
1212 649 1361 742 propria
1384 641 1538 716 damno¹
1560 641 1652 716 lebes

351 760 470 848 extitit,
493 755 605 830 aliens
622 761 702 834 usui
722 757 924 861 benignitas
944 763 1020 835 fuit.
1079 761 1179 836 lslem
1202 763 1360 838 amando
1384 763 1560 838 consimili
1578 764 1651 834 snr-

350 893 438 952 tnna
452 877 617 970 affectes,
647 875 823 956 nobilium
840 883 961 957 liberis
986 883 1141 962 vadibus
1169 911 1237 986 pm
1267 885 1427 962 sedatis
1456 888 1652 985 priorisque

350 1029 500 1078 summae
516 1005 681 1102 pectione
705 1005 921 1102 interposita,
934 1004 1191 1106 redemptionis
1214 1005 1421 1105 presidium
1445 1011 1651 1106 impetravit.

350 1126 419 1200 Sed
433 1151 517 1200 cum
534 1128 750 1226 promissum
768 1151 818 1200 aes
837 1153 880 1201 cx
893 1135 1043 1228 proprio
1064 1129 1154 1204 fisco
1177 1130 1316 1204 solvere
1339 1130 1513 1228 nequiret,
1536 1133 1649 1200 omni-

350 1251 431 1342 bns,
446 1255 509 1349 qui
529 1274 597 1348 pro
612 1248 727 1323 salute
740 1252 820 1349 ejus
835 1249 929 1324 lilios
947 1254 1097 1350 proprio
1113 1254 1239 1350 spiritu
1257 1253 1413 1326 cariores
1429 1251 1569 1350 pendes
1581 1249 1650 1322 tle-

347 1373 486 1463 derant,
509 1395 605 1444 nnnc
629 1371 786 1470 publice,
810 1397 908 1447 nnnc
932 1377 1099 1472 privatim
1121 1374 1232 1450 saltus
1255 1401 1298 1448 ac
1319 1398 1468 1448 nemora
1489 1371 1650 1446 vendita-

348 1498 446 1590 Μ’,
468 1519 670 1594 eorumque
688 1497 845 1594 pretinm
861 1498 1026 1594 protinus
1052 1499 1267 1595 captivitatis
1291 1521 1367 1572 snae
1381 1493 1569 1569 autoribus
1582 1521 1649 1568 nn-

347 1622 506 1694 mcrnvit
557 1621 749 1690 Enimvero
764 1617 866 1689 Scani
882 1641 925 1690 ac
944 1616 1189 1692 Sialandenscs
1213 1641 1420 1692 communes
1442 1617 1564 1713 sylvas
1580 1641 1649 1716 pn-

347 1739 446 1818 lslico
461 1763 534 1814 aerc
558 1757 864 1836 comparaverunt.
928 1739 1037 1840 Apud
1062 1745 1195 1814 lutiam
1221 1767 1307 1816 vero
1330 1763 1404 1814 non
1430 1745 1497 1812 nisi
1517 1737 1649 1812 lamiliis

347 1863 623 1966 propinquitatis
642 1866 731 1934 sen'c
747 1859 1010 1939 coherentibus
1028 1869 1214 1965 emptionis
1229 1867 1435 1939 communio
1450 1862 1552 1934 tuto.

479 1989 535 2060 Eo
559 2001 721 2082 tempore
736 1991 890 2082 piraticse
909 2009 995 2061 usus
1018 1995 1149 2064 nostris
1165 1988 1303 2081 creber,
1328 1985 1465 2061 Sclnsis
1488 2009 1647 2084 pansus

242 2115 244 2122 ’
345 2113 470 2200 extitit,
494 2105 626 2207 quinb
640 2105 714 2180 hoc
731 2105 835 2181 latius
851 2107 899 2182 ad
915 2133 978 2182 ecs
1001 2135 1146 2184 manare
1167 2118 1297 2212 coepit,
1318 2109 1421 2211 quod
1441 2107 1550 2182 Julini
1575 2131 1644 2204 op-

345 2231 421 2334 pidi
445 2234 586 2333 pirate,
617 2230 740 2328 pstrioe
768 2228 915 2303 studiis⁴
941 2231 1135 2306 adversum
1158 2237 1309 2333 parmam
1333 2237 1407 2323 usi,
1435 2255 1482 2304 eo
1500 2231 1645 2302 maxime
1728 2223 1729 2234 ’

344 2357 473 2448 Danis,
495 2351 598 2452 qnod
623 2351 702 2424 ab
692 2375 853 2450 ipsorum
869 2355 1018 2452 ingeniis
1042 2371 1238 2445 traxerant,
1270 2369 1480 2427 nocuerunt
1538 2355 1643 2442 Quem

343 2477 590 2553 incursationis
616 2499 753 2547 morem
785 2478 914 2548 nostris
951 2479 1052 2550 annis
1074 2477 1289 2551 Waldeman'
1313 2480 1407 2576 regis
1439 2473 1643 2572 maximique

344 2599 523 2702 pontilicis
552 2595 742 2670 Absalonis
767 2619 958 2697 propensae
983 2625 1051 2698 pro
1077 2601 1218 2677 civibus
1240 2600 1399 2676 excubiae
1423 2597 1641 2674 domuerunt.
1728 2547 1729 2668 l

391 2921 399 2954 ¹
418 2917 479 2979 Sed
502 2920 552 2978 cui
567 2920 694 3004 propria
715 2911 835 2994 damno]
856 2915 967 2976 Sensus
1025 2935 1110 2978 mens
1126 2918 1270 2982 Saxonis:
1292 2918 1418 2982 Selaros
1439 2930 1528 2980 antea
1548 2919 1643 3002 pirati-

343 3033 404 3088 tttt
432 3024 534 3087 Steno
554 3041 609 3084 sun
628 3019 687 3084 sibi
709 3019 860 3102 jumento,
879 3015 965 3104 qnod
1024 3042 1069 3084 can
1086 3021 1260 3102 saturnios,
1282 3021 1404 3088 undem
1426 3043 1494 3087 enm
1512 3047 1528 3085 s
1548 3022 1640 3092 Dacis,

342 3127 440 3210 ejnnt,
460 3125 572 3188 malum
592 3123 702 3211 saepius
724 3143 891 3204 arcessens,
910 3143 967 3209 pet·
1024 3151 1100 3214 qnos
1118 3127 1269 3192 llarnldus
1296 3130 1369 3192 olim
1401 3128 1484 3214 apud
1516 3127 1638 3192 Julinusn

341 3253 374 3296 se
397 3229 521 3318 quidem
545 3242 667 3314 ceptus,
688 3247 744 3315 per
766 3233 871 3294 Dauos
892 3251 965 3295 vero
1024 3234 1160 3321 presidii
1180 3257 1267 3299 cansa
1289 3235 1506 3312 collocaverat,
1526 3231 1641 3296 edoctos

340 3337 555 3404 tumtum
575 3335 628 3416 (S)
1025 3341 1215 3407 artsmlaanc
1234 3343 1266 3404 in
1290 3343 1491 3426 ipsosDanos
1505 3337 1641 3402 mlodisst

387 3449 496 3511 ’ΝΜ
506 3443 636 3534 publice,
659 3465 734 3506 num
747 3448 890 3532 preeunte
905 3447 966 3508 anl-
1026 3461 1057 3512 et
1080 3469 1117 3514 eo
1137 3442 1264 3514 maxime
1285 3448 1379 3514 Danis
1397 3445 1548 3524 nocuisse,
1568 3441 1641 3530 quod

340 3573 389 3618 sus
403 3580 439 3618 ac
451 3575 569 3616 umora
580 3545 763 3630 venditabat]
779 3547 861 3641 Quid
879 3550 919 3612 sit
933 3561 965 3612 et
1025 3554 1063 3618 ab
1076 3554 1210 3644 ipsorum
1226 3555 1354 3642 ingeniis
1371 3567 1534 3620 traxerant
1568 3559 1641 3620 flac·
1727 3577 1728 3616 t

340 3659 463 3748 publi&
477 3670 508 3722 ⁰⁸
528 3651 673 3744 Prlnllm
689 3653 803 3740 ⁸llt1¹¹ld
823 3653 964 3732 Vendere,
1024 3673 1111 3724 tenus
1127 3661 1319 3747 stephanius,
1340 3661 1392 3748 qui
1406 3663 1508 3726 nullos
1522 3661 1641 3726 Saxonis

339 3778 431 3829 antor
444 3764 509 3850 ipse
525 3761 672 3848 explicat,
696 3759 813 3822 scilicet
833 3760 965 3822 vendere
1023 3766 1143 3830 codices
1157 3791 1246 3830 mann
1267 3769 1399 3854 scriptos
1418 3767 1456 3830 ad
1480 3790 1583 3832 manns
1596 3765 1642 3827 ha·

339 3872 422 3936 bona
443 3870 556 3956 partim
579 3865 632 3945 tis,
667 3865 720 3952 qui
743 3863 869 3950 publico
892 3887 963 3944 ere,
1023 3872 1098 3938 buit.
1160 3875 1214 3938 llle
1239 3874 1334 3958 igitur
1357 3870 1495 3936 codicem
1518 3885 1642 3936 veterem

309 3979 453 4066 -psrtim
479 3977 532 4053 iis,
572 3975 626 4060 qui
659 3970 786 4060 privetis
815 3970 963 4035 sumtibus
1023 3977 1103 4043 hand
1126 3977 1216 4042 dubie
1238 3979 1389 4043 intellexit
1412 3979 1567 4063 exemplar
1585 3973 1641 4038 stli-

339 4087 406 4152 ltnc
419 4095 569 4148 coemant.
1022 4083 1114 4148 tionis
1145 4087 1291 4172 principis
1315 4089 1430 4171 glossas
1461 4081 1590 4147 fumans
1615 4083 1642 4141 in

384 4193 498 4282 ³Apud
515 4195 629 4254 Iouem
654 4215 711 4252 non
732 4189 923 4272 nt'sijamils'is
942 4229 966 4245 ..
1024 4193 1159 4278 margine
1177 4189 1345 4278 adscriptus
1361 4189 1475 4255 habens
1496 4191 1544 4254 sel
1558 4189 1642 4252 etiam

336 4304 491 4388 emptionis
504 4291 811 4382 commentosuit]Dc
833 4291 891 4354 hac
907 4293 965 4373 syl·
1024 4309 1173 4360 vetustam
1203 4297 1329 4361 Saxonis
1357 4297 1529 4360 tersionem
1555 4293 1642 4360 Dani-

337 4426 442 4470 nrum
454 4403 626 4468 coemtione
641 4399 702 4465 vid.
719 4411 782 4462 not.
794 4397 877 4461 uber.
1023 4425 1091 4467 cam
1108 4425 1199 4466 mann
1224 4403 1370 4488 scriptam
1391 4403 1500 4487 glossis
1520 4401 1642 4464 sortasse

382 4513 491 4600 ‘Quod
500 4513 598 4574 lutetia·
610 4511 714 4598 oppidi
719 4511 842 4596 pirate,
852 4511 961 4594 patrm
1019 4511 1205 4574 instructam.
1219 4510 1325 4572 Lectio
1341 4507 1388 4572 ed.
1379 4532 1486 4594 ..prs
1442 4513 1554 4572 duim
1564 4534 1642 4596 oppe-

336 4619 420 4680 studi
418 4615 457 4700 is]
470 4617 545 4680 Sic
536 4639 569 4680 tn
585 4613 681 4679 veleri
696 4611 801 4677 codice
821 4611 960 4676 emenda·
1019 4618 1105 4704 dirps
1086 4619 1273 4680 rottcoestudt
1264 4619 1643 4703 ettadwsumpamtmuu
1726 4649 1727 4654 ¹

336 4733 401 4784 tum
429 4721 651 4810 repperierunt
681 4732 768 4784 antea
789 4717 839 4782 hic
874 4719 959 4782 locus
1019 4719 1381 4798 nullumsensnml'nndit,
1390 4721 1639 4784 lectioantemrc·
1726 4699 1727 4765 l

336 4826 427 4910 plens
440 4825 585 4890 obscurus
599 4839 684 4892 esset
711 4827 876 4892 Enimvero
892 4825 959 4888 lraec
1019 4829 1198 4914 ceptastylo
1216 4826 1475 4912 Saxonisegregie
1495 4825 1637 4892 convenit
1725 4881 1726 4892 ,
