3506 5458
375 289 449 366 tte
727 293 906 366 tttstott.
920 293 1029 368 ΒΑΝ.
1043 294 1182 370 LIBER
1196 299 1241 368 Χ.

214 536 226 559 ·
324 520 498 580 vetustam
514 506 702 580 Danorurn
726 503 1006 582 dominationem
1038 502 1178 605 diuque
1206 508 1382 607 majorum
1406 512 1528 586 virtute
1544 511 1610 586 els-

325 628 492 702 boratum
516 627 866 724 finveimpeuuma
917 624 990 700 Sed
1011 651 1132 726 neque
1150 625 1188 702 id
1202 647 1348 728 postera
1364 635 1496 710 nostris
1509 633 1611 708 tortu·

325 752 542 824 narestituit.
593 751 645 822 lta
659 747 785 848 Anglin
811 746 1020 824 dominandi
1042 751 1113 848 jus,
1134 750 1277 848 quasia
1290 751 1483 850 perditum,
1500 755 1612 830 scelus

323 875 557 972 recuperavit.
609 873 720 973 Igitur
734 870 923 965 llaraldus,
941 873 1088 946 Duuicae
1107 875 1351 970 oppressionis
1364 877 1541 977 simulque
1552 877 1612 950 ‹lo-

324 1001 478 1071 rnesticse
495 994 664 1068 libertatis
679 1009 814 1088 auctor,
833 993 1006 1070 Eduardo
1014 1009 1202 1086 summam,
1217 996 1310 1072 iacta
1326 1023 1402 1074 nnn
1419 1003 1524 1074 animi
1540 1002 1615 1098 ejas,

323 1120 386 1196 sed
401 1119 581 1218 sanguinis
595 1119 839 1209 aestimatione,
863 1119 1048 1216 permittit,
1073 1135 1251 1216 quatenus
1271 1119 1334 1194 ille
1352 1124 1522 1214 nominis,
1551 1125 1615 1220 ipse

324 1267 442 1316 rerum
456 1244 692 1337 usurpatione
710 1259 883 1341 regnaret,
898 1257 943 1332 et,
962 1265 1038 1341 quo
1054 1239 1237 1314 nobilitate
1252 1246 1442 1340 pervenire
1456 1271 1527 1318 non
1539 1267 1616 1344 pne·

323 1383 396 1456 set,
428 1363 584 1463 potentia
611 1363 761 1437 vallatus
781 1380 993 1462 assurgeret.
1058 1361 1252 1440 Eduardus
1276 1389 1375 1458 vero,
1404 1365 1483 1442 sola
1498 1369 1618 1466 generis

323 1493 539 1577 sonoritate,
560 1510 632 1559 non
649 1485 848 1584 prudentie
862 1493 999 1560 ratione
1020 1488 1194 1580 munitus,
1222 1513 1316 1562 vano
1341 1492 1534 1590 urajeststis
1555 1487 1619 1564 ob-

324 1625 422 1685 tentu
445 1633 642 1708 pravorum
667 1612 806 1709 ingenia
837 1612 1092 1710 majorumque
1115 1608 1346 1710 petulantiam
1370 1611 1559 1703 nuutebu,
1578 1612 1617 1682 ti-

323 1729 401 1807 t'ulo
417 1757 480 1806 rex
495 1734 630 1830 patriae,
654 1729 857 1806 conditione
884 1733 1094 1808 miserabilis
1114 1759 1307 1832 procerum
1323 1760 1450 1828 verua,
1484 1749 1619 1808 conten-

251 1941 255 1954 .
323 1873 392 1947 tus,
405 1854 508 1956 quod
521 1853 577 1926 alii
593 1851 760 1944 fructum,
776 1857 855 1954 ipse
869 1855 1038 1930 umbram
1056 1871 1195 1930 tantum
1216 1881 1260 1930 ac
1275 1863 1436 1956 speciem
1448 1878 1620 1954 occupas·

322 1995 385 2054 sat.
437 1983 489 2052 lta
510 1975 709 2076 Anglorum
732 1978 822 2050 inter
846 2001 886 2051 se
910 2001 1109 2072 summam,
1144 2002 1276 2054 nomen
1302 1994 1414 2079 atque
1439 1982 1620 2080 potmtisn

322 2101 525 2192 niueum,
549 2097 714 2198 titulique
727 2099 787 2196 jus
803 2125 846 2174 sc
861 2125 982 2176 rerum
1002 2099 1199 2175 dominium
1224 2098 1335 2177 velmi
1359 2101 1512 2180 divesis
1525 2099 1621 2174 abin-

323 2231 438 2298 nicem
465 2219 640 2322 gradibus
664 2207 885 2296 differebant
950 2223 1021 2297 Sed
1043 2247 1109 2296 nec
1135 2223 1315 2299 Haraldus
1338 2223 1498 2298 alienum
1520 2221 1622 2321 speo'e

322 2370 474 2447 regnum
491 2344 642 2446 gessisse
665 2360 862 2436 contentus,
878 2350 1063 2444 propriam
1087 2343 1246 2418 claritatis
1265 2347 1459 2444 imaginem
1485 2343 1622 2420 affecta·

254 2529 259 2539 .
321 2467 395 2542 bat.
445 2471 558 2568 Igitur
572 2465 747 2540 Eduardo
762 2470 880 2566 ipsum
903 2492 1052 2567 quoque
1072 2470 1347 2568 nuncupationis
1371 2468 1487 2544 decus
1501 2465 1624 2554 inridit,

322 2597 517 2691 omniaque
532 2594 631 2689 regni
647 2590 796 2690 insignia
815 2596 904 2664 inse
919 2593 1039 2689 ipsum
1064 2590 1253 2664 transferre
1276 2608 1436 2683 conatus,
1452 2589 1624 2692 cupiditati

322 2716 457 2791 aditum
474 2711 608 2790 scelere
622 2717 760 2812 petivit,
791 2716 985 2814 occisoque
1001 2739 1096 2816 rege,
1111 2713 1211 2806 tituli,
1235 2717 1299 2816 qui
1317 2715 1417 2792 solus
1429 2715 1502 2794 sibi
1515 2715 1624 2789 deuse

324 2839 521 2933 videbatur,
536 2835 687 2936 gloriam
706 2841 933 2935 occupavit2.

321 3181 419 3220 eorum
439 3161 611 3230 exstiteras,-
636 3161 728 3220 etsie
750 3159 852 3218 Dauos
874 3163 949 3218 ocei-
1010 3157 1149 3218 Eduardo
1173 3172 1289 3220 tantum
1308 3162 1373 3220 uita
1392 3173 1423 3218 et
1443 3158 1530 3217 mani
1558 3153 1624 3235 ugit

324 3267 451 3335 derunt,
474 3281 504 3326 et
532 3267 563 3324 in
595 3287 733 3346 magnum
758 3263 888 3324 ruborem
913 3263 949 3322 de
1008 3266 1120 3326 nomene
1149 3279 1291 3326 contento.
1345 3263 1424 3325 Saxo
1451 3257 1548 3343 igitur
1573 3275 1625 3316 non

320 3371 456 3456 partitos
473 3370 592 3452 Angiaie
617 3371 748 3432 totaliter
751 3371 948 3454 fugaverunt.
1009 3365 1122 3452 absque
1139 3366 1224 3431 omni
1247 3363 1449 3430 fundamento
1474 3365 1574 3428 lraecce
1593 3357 1625 3422 tle

322 3477 423 3538 Porro
442 3473 595 3539 institutio
620 3473 692 3538 testi
725 3471 887 3555 Holesdsy
915 3473 948 3536 in
1008 3491 1084 3535 nece
1098 3477 1256 3538 Danorum
1274 3472 1427 3551 narrarit,
1451 3471 1508 3535 sed
1537 3481 1626 3532 tmen

322 3581 498 3646 memoriam
517 3579 675 3666 ejectionis
692 3586 852 3646 Dacorum
870 3581 949 3644 cele·
1008 3575 1210 3666 descriptioni
1237 3579 1329 3666 liujus
1365 3577 1458 3646 cedis
1490 3571 1626 3638 nonnulla

323 3686 452 3750 bratiad
465 3679 614 3772 epucl'um
626 3684 951 3752 mortisHardeoannti
1011 3684 1208 3750 immiscuisse
1227 3685 1363 3767 ridetur,
1388 3707 1460 3772 qun
1485 3683 1524 3748 ad
1545 3679 1624 3746 lanit-

321 3793 476 3879 pertinere
508 3791 645 3872 videtum
675 3793 749 3873 (rii.
773 3791 950 3877 spelmanni
1009 3813 1080 3856 nem
1091 3797 1250 3858 Dacorum
1272 3796 1363 3880 longe
1382 3785 1624 3878 antiquiorenin

322 3897 588 3986 Arehaeoloqusad
597 3917 703 3962 rocem
711 3897 847 3982 Bentley,
855 3897 950 3963 Snlrm
1008 3903 1121 3987 Anglis
1146 3901 1368 3988 pertinuerint,
1407 3917 1492 3962 anno
1519 3891 1623 3958 settim

321 4007 457 4068 ilistorie
471 4004 663 4071 leannrarls
677 4007 736 4070 rol.
750 4000 772 4068 4
786 4028 816 4091 p.
827 4000 948 4089 6869).
1009 4006 1107 4088 1002,
1127 4011 1267 4074 Svenune
1288 4003 1402 4075 canufi
1419 4001 1487 4068 filio
1508 4018 1623 4086 regnan·

321 4113 379 4176 His
396 4112 535 4199 ‹lenique-
550 4112 698 4180 accedunt
717 4111 809 4178 rerba
837 4110 947 4179 ataui
1007 4127 1049 4196 te,
1063 4113 1186 4180 saetam

322 4219 494 4284 Bremensis
511 4219 605 4300 (Hist.
626 4223 732 4288 eccles.
753 4219 806 4284 lib.
825 4221 866 4282 111
882 4237 948 4303 esp.
1056 4224 1228 4304 ¹Mrpbrum
1244 4225 1353 4284 curate
1375 4218 1555 4282 eminentem
1563 4211 1624 4296 firi·

324 4324 394 4408 13)t
406 4331 479 4392 Falli
492 4331 637 4402 Godwr'ru',
645 4333 738 4415 scete
754 4330 945 4414 conspiratio·
1007 4333 1052 4392 nit
1064 4325 1226 4416 riuperrum]
1243 4323 1383 4390 Eundem
1396 4323 1430 4386 in
1448 4321 1572 4388 modum
1585 4318 1624 4382 lo·

320 4459 369 4508 nr,
376 4437 496 4520 fratres
510 4437 597 4500 Scetn
611 4439 703 4519 regis,
725 4438 778 4518 qui
791 4437 822 4495 iu
834 4435 947 4516 Anglie
1005 4434 1111 4520 quitur
1122 4433 1257 4498 lustinus
1271 4431 1324 4496 lib.
1340 4435 1433 4516 lesp.
1447 4426 1485 4492 2:
1503 4432 1622 4512 Naissus,

321 4543 408 4606 duces
423 4558 522 4614 erant,
540 4545 664 4606 alterum
672 4542 783 4604 scateat
796 4543 874 4602 Bem
885 4553 949 4602 sta·
1004 4557 1157 4606 contentus
1166 4542 1314 4604 elaborato
1326 4563 1348 4602 a
1359 4537 1534 4626 parentibus
1546 4537 1623 4618 rispe-

322 4653 374 4710 tim
401 4650 589 4720 obtruncant,
615 4650 706 4712 altum
734 4669 802 4709 nero
837 4644 948 4706 Osbern
1007 4653 1066 4720 rio,
1087 4648 1266 4712 belir‘scudia
1278 4646 1419 4732 deputa&
1435 4639 1487 4724 (S)

320 4778 385 4816 cum
406 4759 467 4816 suu
488 4757 617 4818 menibus
635 4778 653 4814 e
670 4755 775 4840 patria
792 4751 949 4834 ejecerunt,
1053 4753 1184 4820 ²Occiso
1201 4775 1282 4836 rege,
1298 4753 1381 4814 tituli
1400 4794 1423 4812 ..
1444 4751 1622 4834 gloriemu-

321 4873 350 4918 et
370 4873 523 4920 accurunt
537 4860 676 4941 Angitiam
704 4864 735 4920 in
754 4860 863 4922 ditione
880 4883 949 4929 sue,
1007 4857 1253 4949 cupauit1Falso
1275 4855 1366 4941 hujus
1390 4850 1523 4920 criminis
1544 4865 1621 4912 ¹⁰⁰²·

955 5184 961 5222 l
