3476 5460
690 317 864 392 cottttto.
1295 317 1365 396 tat

118 545 231 620 super
245 543 360 619 opum
376 518 462 594 inibi
479 539 729 622 congestarum
750 525 990 628 magnitudine
1005 527 1250 626 jactabantur,
1272 528 1335 606 sed
1354 538 1419 610 iter

117 648 215 718 omni
248 641 416 719 refertum
456 645 619 741 periculo
657 673 699 724 ac
723 673 828 748 paene
859 647 1070 724 mortalibus
1099 654 1233 726 invitm
1268 653 1417 728 fereba-

116 783 186 840 tur.
268 765 489 840 Ambitorem
531 793 687 870 namque
714 787 890 847 terrarum
930 777 1133 844 Oceanum¹
1168 773 1440 873 navigandum,

115 887 233 964 solem
256 885 549 1004 postponendum
577 913 621 964 ac
644 891 797 986 sidera2,
820 893 891 970 sub
913 893 1014 968 Chao
1037 895 1355 995 peregrinandum,
1378 923 1420 972 au

114 1009 265 1084 demum
281 1011 319 1082 in
335 1008 413 1084 loca
430 1008 520 1087 lucis
537 1017 694 1112 expertia
713 1016 934 1115 jugibusque
957 1015 1112 1092 tenebris
1127 1016 1282 1090 obnoxia
1299 1034 1419 1094 nans-

113 1131 297 1225 eundum,
321 1148 547 1232 expertorum
574 1139 765 1212 assertione
781 1137 976 1213 constabat.
1029 1136 1100 1211 Sed
1117 1143 1153 1212 in
1172 1138 1320 1239 juvenili
1335 1145 1418 1214 ani·-

112 1283 178 1332 mo
200 1255 456 1330 circumstantis
481 1259 632 1356 periculi
661 1277 795 1336 metum
812 1275 979 1335 nontam
1002 1258 1136 1360 praedae
1161 1287 1271 1359 qoam
1295 1261 1418 1362 gloriae

112 1376 252 1479 cupido
265 1375 447 1470 calcabat,
470 1379 623 1456 multum
646 1383 715 1456 sibi
735 1382 899 1458 claritatis
925 1406 1158 1456 accessurum
1179 1400 1364 1481 sperante,
1390 1385 1418 1456 si

111 1525 194 1576 rem
213 1497 409 1572 admodum
431 1500 635 1578 intentatam
660 1504 815 1580 auderet
899 1507 1079 1580 Trecentis
1106 1504 1200 1579 idem
1225 1531 1308 1580 cum
1332 1529 1419 1604 rege

112 1641 238 1702 vouuu
253 1625 555 1722 nuncupantibus,
570 1645 752 1704 auctorem
766 1628 872 1702 iainae
888 1627 1116 1704 Thorltillum
1134 1631 1264 1704 itineris
1286 1627 1419 1700 ducem

112 1751 248 1826 assumi
269 1743 422 1844 placuit,
453 1761 576 1846 utpote
603 1750 782 1856 locorum¹
805 1775 961 1852 guarum
988 1753 1217 1852 peritumque
1241 1748 1418 1826 adeunde

113 1871 269 1972 regionis
283 1871 374 1968 ejus.
430 1873 476 1962 Is,
493 1869 609 1946 officio
631 1899 706 1949 uon
725 1889 898 1965 recusato,
922 1873 1115 1956 adversum
1130 1879 1328 1950 inusitatam
1344 1897 1415 1946 na·-

111 1990 260 2093 rigandi
276 1999 383 2074 murts
396 1999 565 2070 saevitiam
584 1995 743 2071 firmiore
771 2011 956 2072 structurae
975 2022 1107 2096 genere
1143 1996 1318 2094 nodisque
1332 2021 1417 2068 cre·-

111 2114 298 2191 brioribus
321 2141 365 2190 ac
379 2119 657 2196 consertioribus
674 2120 783 2194 clavis
797 2119 1035 2218 praeparanda
1055 2120 1161 2220 jubet
1189 2125 1332 2222 navigia
1348 2146 1418 2196 so-

110 2238 237 2332 lidan',
269 2236 469 2340 eademque
489 2248 628 2340 magnis
652 2243 783 2340 repleri
807 2241 1084 2335 commeatibus,
1118 2267 1160 2318 au
1184 2245 1326 2320 bonnis
1349 2270 1418 2320 su-

111 2386 227 2462 perne
238 2361 440 2461 tergoribus
462 2361 599 2457 claudi,
623 2389 707 2464 quae
721 2364 908 2438 intrinseca
923 2365 1070 2436 navium
1089 2367 1204 2465 spatia
1229 2365 1277 2440 ab
1293 2369 1419 2442 incur-

110 2489 266 2558 santium
295 2484 474 2562 undarum
504 2489 690 2586 aspergine
715 2501 906 2562 tuerentur.
992 2484 1080 2559 Inde
1104 2487 1220 2562 tribus
1249 2487 1420 2562 duntaxat

109 2607 265 2682 liburnis
280 2609 457 2708 navigatio
476 2609 637 2702 tenditur,
655 2633 875 2708 unaquaque
894 2623 1059 2684 centenos
1075 2611 1236 2708 capiente
1249 2609 1418 2684 delectos.

244 2733 290 2804 At
305 2729 370 2804 ubi
382 2731 421 2802 in
435 2731 625 2830 Halogiam
642 2747 799 2822 ventum,
821 2729 986 2804 secundis
1002 2729 1146 2804 flatibus
1173 2730 1327 2808 destituti
1349 2757 1416 2810 va·-

110 2861 166 2928 ria
179 2851 300 2952 pelugi
323 2855 513 2952 jactatione
530 2852 648 2930 dubiis
667 2859 899 2954 navigationis
914 2852 1054 2928 casibus
1069 2853 1277 2953 agebantur.
1318 2858 1420 2928 Tau·-
1466 2871 1470 2882 “

110 2977 199 3052 dem
216 2999 282 3074 per
294 2997 472 3050 summam
490 2975 737 3050 alimentorum
760 2981 918 3074 inopiam
937 2981 1041 3048 etiam
1058 3001 1152 3074 pauc
1181 2976 1306 3052 defecti
1338 2982 1419 3052 exi-

108 3123 195 3199 guae
216 3096 326 3196 pultis
347 3122 417 3172 usu
441 3114 577 3174 traxere
599 3099 730 3174 saman.
794 3100 988 3198 Interjectis
1011 3096 1151 3190 diebus,
1174 3103 1312 3176 eminus
1326 3127 1418 3200 per-

108 3236 325 3319 strepentem
346 3220 513 3319 procellae
532 3222 729 3322 fragorem,
762 3218 914 3322 perinde
944 3245 986 3292 ac
1013 3220 1185 3318 scopulos
1207 3221 1418 3314 inundantis,

108 3342 314 3420 exaudiunt.
374 3345 484 3442 Igitur
511 3344 685 3418 intellecta
703 3341 836 3417 telluris
853 3343 991 3436 vicinia,
1017 3343 1174 3442 agilitatis
1191 3347 1326 3419 eximite
1351 3347 1418 3448 ju-

109 3471 213 3542 venis
252 3463 479 3562 speculandae
516 3473 565 3540 rei
585 3472 698 3568 gratia
738 3491 910 3541 cacumen
930 3463 1015 3538 mali
1031 3465 1269 3540 conscendere
1286 3470 1420 3567 jussus,

108 3589 288 3688 praerupti
302 3589 390 3662 situs
404 3589 575 3664 insulam³
594 3592 631 3664 iu
646 3605 840 3688 conspectu
857 3611 945 3681 esse,
961 3584 1160 3661 denunciat.
1222 3591 1309 3662 Laeti
1333 3615 1418 3662 orn-

109 3813 178 3878 dos.
240 3815 393 3879 Habemus
412 3817 505 3902 igitur
534 3819 584 3882 hic
603 3819 738 3882 lelandus
843 3819 964 3880 ²Solem
982 3817 1216 3904 postponendum
1244 3843 1279 3882 ac
1305 3817 1419 3900 sidera]

109 3922 268 3986 nonnullis
286 3923 404 3986 saeaulis
422 3935 492 3987 ante
510 3923 668 3988 blanditam
685 3925 737 3989 de·
795 3923 875 3986 Fere
894 3919 1023 3986 eundern
1044 3921 1075 3983 in
1095 3920 1219 3986 modum
1237 3922 1346 3987 reduit
1363 3927 1420 3986 Pe·

108 4041 233 4093 tectam.
288 4028 366 4092 Saxo
388 4041 488 4092 autem
510 4051 575 4110 res,
608 4053 735 4116 quaerum
798 4027 850 4110 do,
876 4029 1036 4113 navigante
1059 4027 1239 4091 Germanico
1268 4033 1337 4091 lam
1353 4035 1420 4116 pri-

108 4135 178 4220 ipse
194 4131 306 4196 famam
320 4133 358 4196 ab
373 4134 500 4198 islandis
519 4133 647 4200 fortasse
665 4157 735 4225 per·
795 4137 858 4198 dem
873 4153 944 4222 post
976 4153 1061 4218 terga
1087 4136 1162 4196 diem
1191 4140 1332 4218 solemque
1354 4137 1421 4196 reli-

109 4253 246 4326 ceperat,
267 4242 332 4326 regi
353 4241 502 4304 Gormoni
521 4242 630 4306 iisdem
650 4257 736 4307 auto·
794 4254 884 4312 ctum,
905 4244 974 4304 Iam
996 4241 1112 4326 pradem
1133 4243 1212 4300 notr's
1231 4257 1362 4302 extorres
1376 4243 1420 4323 fi·

110 4346 197 4410 ribus
209 4347 376 4412 innotuisse
388 4360 517 4412 enarrat.
665 4377 668 4384 ⁴
794 4348 878 4408 riibns
900 4347 977 4407 orbis
995 4349 1055 4406 Per
1073 4367 1130 4404 nou
1153 4367 1302 4406 concessas
1327 4345 1421 4409 audu-

161 4455 364 4518 ¹Ambitorcm
398 4471 543 4518 terrarum
572 4451 734 4535 Oceanum]
794 4476 840 4528 ces
854 4447 895 4513 r'r'e
911 4451 1052 4512 tenebras.
1069 4445 1197 4530 (Seneca
1213 4448 1333 4512 Rhetut·
1346 4449 1420 4520 Stu-

111 4559 261 4622 Oeeeurtm
282 4557 499 4646 undiquesecus
520 4573 632 4624 terram
650 4561 735 4624 velu-
792 4575 852 4618 sor.
872 4553 913 4638 1).

111 4664 137 4726 ti
160 4663 288 4728 insulam
315 4665 441 4746 ambire,
469 4666 582 4751 passim
609 4663 735 4730 tradunt
839 4657 1006 4742 ³1mulcm]
1026 4663 1115 4724 lianc
1133 4661 1260 4724 insulam
1281 4681 1344 4728 uon
1358 4681 1420 4726 ma·

112 4783 232 4838 veteres
240 4769 733 4860 Geograpbietbintbemrtiui.(8)
794 4766 840 4852 gis
864 4768 896 4830 in
922 4789 1031 4854 mappa
1051 4768 1255 4856 geographica
1281 4785 1418 4852 quaerere
