3476 5460
375 323 452 400 dli
705 323 881 396 fflstott.
897 325 1004 401 DAN.
1022 325 1159 406 LlBER
1174 323 1261 398 Vlii.

326 535 413 613 dam
425 531 589 610 obsoleto
606 529 730 607 babitu
748 557 815 631 per
830 535 954 610 itinera
971 480 1119 632 publica
1132 537 1263 633 stipem
1280 553 1404 635 putere
1420 538 1564 616 sclbrrm
1590 541 1634 614 ad

182 651 185 658 ’
326 683 406 732 earn
421 679 539 754 usque
553 651 756 728 tentandam
772 660 971 735 transmisit.
1017 659 1088 750 Qui
1102 683 1218 755 quam
1230 665 1413 758 ogandans
1426 685 1527 738 more
1542 687 1634 761 pro-

325 773 505 882 pinquum
529 773 711 850 liminibus
735 773 953 854 discubitum
974 777 1380 871 hainaucensem
1401 785 1536 882 regirra,
1559 783 1637 858 exili

326 901 456 980 vocula
478 901 814 991 succinensrdmat,
827 900 952 999 inquit,
977 915 1011 976 te
1034 904 1129 976 Scio.
1188 901 1263 995 illa,
1287 903 1466 1003 allapsum
1488 906 1636 980 auribus

326 1021 740 1112 sonumdissimnlanter
755 1024 942 1120 excipiens,
965 1047 1031 1102 nec
1046 1025 1126 1098 visu
1143 1051 1210 1100 nec
1232 1024 1350 1125 gradu
1364 1025 1476 1100 relato
1500 1053 1636 1126 procc-

326 1150 378 1226 dit
389 1151 426 1222 in
440 1147 585 1246 regiam,
600 1159 711 1242 atque
727 1169 747 1216 e
763 1146 908 1244 vestigio
923 1169 1082 1243 regressa
1098 1147 1256 1222 obscum
1273 1165 1308 1220 et
1323 1151 1379 1222 vix
1396 1173 1502 1224 aures
1517 1149 1637 1224 offen-

326 1271 435 1346 dente
454 1268 579 1361 sibilo,
598 1273 795 1356 amantem,
812 1267 946 1365 inquit,
971 1294 1030 1343 me
1050 1268 1208 1344 redama
1267 1274 1321 1344 Eo
1336 1269 1432 1346 dicto
1451 1273 1637 1372 vestigium

325 1391 457 1468 extulit
515 1392 634 1482 Quam
652 1413 788 1489 egenus
805 1389 919 1462 mutui
939 1392 1070 1466 amoris
1096 1417 1225 1465 vocem
1240 1390 1394 1472 edidisse
1408 1397 1565 1492 garisim,
1580 1371 1637 1466 die

325 1509 616 1614 posteraloribus
632 1511 800 1602 assidens,
818 1508 1160 1609 presentemur,
1176 1531 1344 1590 consueta
1355 1519 1532 1590 sermonis
1546 1515 1635 1588 bre-

326 1642 451 1728 vitate,
468 1639 626 1725 Locum,
644 1640 710 1727 nit,
734 1651 817 1710 voto
832 1651 1025 1732 suppetere
1042 1641 1215 1710 convestit.
1262 1635 1326 1712 Illa
1342 1661 1487 1712 rursum
1500 1655 1634 1738 argute

325 1765 423 1836 vocis
436 1757 649 1834 industriam
671 1757 842 1858 colligens
883 1781 1025 1830 summa
1048 1783 1132 1836 cum
1157 1757 1438 1834 dissimulatione
1466 1759 1633 1836 mean.

325 1887 442 1959 111110
456 1897 540 1980 post
566 1895 848 1978 percontatorem
864 1883 1083 1977 praeteriens,
1106 1879 1289 1956 ancherus
1301 1881 1405 1956 brevi
1420 1907 1462 1958 se
1475 1907 1632 1982 perven-

326 2022 453 2095 turam,
469 2003 626 2079 asseruit.
665 2004 770 2078 Hunc
784 2004 924 2100 quippe
936 2000 1059 2079 locum
1074 2001 1161 2101 fuga
1172 2019 1291 2100 petere
1306 2001 1503 2078 destinarit.
1554 2007 1632 2097 Qua

326 2127 375 2203 ae
390 2151 431 2200 rc
443 2149 578 2226 egeam
591 2129 720 2198 certior
735 2121 915 2214 redditus,
940 2121 1043 2198 solito
1058 2127 1332 2221 percontationis
1348 2129 1512 2202 acumine
1525 2153 1630 2200 eom-

325 2265 453 2348 petens
475 2249 652 2346 pronisso
665 2317 667 2322 ,
680 2263 822 2343 tempus
843 2266 1060 2346 cognoscere
1085 2264 1301 2343 perseverat
1351 2249 1417 2324 uta
1438 2274 1545 2339 ,vern
1570 2275 1629 2322 nec

323 2369 651 2449 mutatoriorum
671 2387 840 2472 ,sermone
856 2367 1022 2458 lucidior,
1047 2391 1159 2466 quam
1181 2368 1392 2447 brevissime
1404 2373 1531 2470 potuit.
1556 2369 1627 2471 by·-

323 2495 413 2575 tmis
438 2491 575 2573 initium
599 2497 831 2590 nuncupavit.
897 2493 1074 2566 Ceterum
1098 2497 1283 2589 stipatores
1310 2495 1411 2592 ejus,
1434 2498 1500 2593 qni
1516 2494 1627 2568 lenem

324 2620 505 2693 amatorie
524 2615 620 2688 nocis
643 2615 776 2712 jactum
801 2629 1030 2711 exceperant,
1059 2613 1207 2712 plenum
1235 2614 1428 2694 calliditatis
1450 2619 1625 2718 ingenium

324 2755 488 2818 omnemne
514 2734 713 2812 stoliditatis
740 2733 1014 2815 ,deliramentum
1036 2761 1115 2814 csse
1138 2736 1344 2814 sumbone
1404 2743 1496 2833 Quae
1518 2745 1625 2839 quam

324 2865 410 2941 Suio
425 2865 551 2936 certius
566 2885 609 2936 ex
625 2882 740 2960 egeno
751 2875 994 2958 cognosceret,
1018 2865 1189 2958 reginam,
1203 2859 1353 2937 sublatis
1366 2864 1484 2937 mariti
1499 2861 1624 2961 opibus

237 2979 241 2984 ’
324 2982 467 3061 lavandi
485 2979 707 3059 simulatione
721 2979 929 3080 digressam,
944 2984 1085 3082 navigio
1102 2981 1359 3081 deportandam
1372 2989 1518 3060 camna
1552 2987 1622 3056 Po-

323 3123 398 3185 stea
413 3131 499 3180 vero
512 3129 762 3206 sepenumero
780 3107 870 3176 inter
885 3105 1004 3202 ipsum
1022 3129 1065 3181 ac
1082 3108 1210 3182 Soetisr
1230 3131 1363 3205 regem,
1388 3105 1502 3180 altem
1518 3108 1622 3205 justas

190 3261 195 3268 ·
323 3245 505 3328 repetente
518 3229 627 3319 faces,
651 3223 761 3300 altero
780 3224 918 3302 illicitas
936 3233 1026 3302 tueri
1044 3225 1311 3326 perseverante,
1342 3231 1486 3328 ancipiti
1500 3243 1621 3304 eventu

324 3353 494 3448 variaque
506 3351 648 3426 motoria
664 3348 869 3425 dimicatum
885 3365 946 3426 est

456 3475 511 3546 Ea
528 3488 736 3572 tempestate
762 3497 828 3570 per
853 3495 1029 3548 summam
1059 3473 1142 3552 coeli
1159 3477 1490 3574 'intemperantiam
1518 3495 1620 3572 agm-

260 3651 267 3670 ,
324 3621 406 3674 ram
422 3597 586 3674 ubertate
605 3611 787 3693 corrupta,
810 3599 935 3694 ingens
949 3619 1100 3672 annonae
1123 3599 1249 3674 carius
1273 3595 1403 3673 incidit.
1466 3600 1619 3690 Cumque

323 3721 455 3796 &orta
479 3718 709 3794 victualium2.
729 3719 871 3790 raritate
882 3720 1002 3814 gravis
1029 3718 1175 3817 plebem
1196 3718 1314 3794 inedia
1336 3720 1525 3814 lacemret,
1552 3744 1616 3804 mx,

322 3867 483 3942 quonam
498 3840 609 3916 modo
622 3843 791 3938 temporis
806 3836 998 3916 difficultati
1013 3859 1245 3935 sureurreret,
1260 3845 1405 3933 ansius,
1428 3869 1542 3944 quarn
1553 3841 1616 3916 ali-

323 3981 460 4066 quanto
489 3969 663 4066 majorem
684 3959 898 4036 bibulorum
921 3987 1034 4060 qaam
1058 3963 1219 4040 edacium
1239 3947 1448 4065 impensam.
1462 3961 1615 4042 animad-

369 4227 944 4334 ¹Perrummamredientemperantiam]
1004 4269 1043 4310 na
1055 4247 1239 4336 reliquitque
1259 4251 1298 4315 ad
1320 4251 1436 4318 victum
1450 4247 1617 4316 necessarii!-

322 4359 408 4424 che
422 4356 537 4422 dictum
557 4359 781 4445 intemperantia
797 4355 872 4416 coeli
886 4373 946 4436 pro
1003 4355 1073 4422 Vox
1087 4353 1150 4437 jam
1162 4355 1245 4442 apud
1269 4357 1464 4434 Ambrosiam
1479 4358 1511 4420 in
1529 4351 1617 4418 ΕΗ

321 4470 497 4553 ι’μιιηφινόε.
524 4460 574 4548 (8)
598 4464 685 4530 Dixit
705 4475 808 4529 amau
832 4463 947 4533 Seneca
1003 4461 1180 4541 Hesiones.
1199 4464 1351 4544 ocmrrit,
1365 4477 1397 4528 st
1416 4465 1451 4526 in
1468 4457 1616 4548 seripturi-

323 4573 574 4656 intemperautr'nm
587 4573 661 4634 caeli
673 4569 704 4632 in
719 4568 799 4634 libro
818 4567 946 4643 chou·
1004 4565 1061 4648 ltus
1084 4565 1178 4632 medii
1196 4568 1254 4636 mvi
1273 4569 1357 4636 haud
1377 4567 1551 4657 infrequens
1569 4573 1618 4628 eti·

322 4675 432 4736 stantia
448 4674 599 4760 Sapientis
619 4695 685 4762 erp.
702 4675 732 4739 9.
1006 4671 1152 4766 Quadam
1167 4675 1309 4760 exempla
1330 4677 1483 4761 congessit
1501 4671 1617 4758 Stepha-

858 4848 861 4856 .
1005 4779 1071 4842 nitu
1092 4778 1126 4842 iu
1146 4781 1229 4844 notis
1247 4781 1324 4860 suia,
1349 4783 1439 4867 plura
1459 4781 1616 4844 motura

369 4881 584 4963 ²Vr'rruatr'um]
597 4885 748 4950 Victualis
767 4909 826 4970 pro
851 4909 945 4956 anno·
1004 4887 1165 4971 Ducangio
1183 4887 1216 4952 in
1233 4887 1389 4971 glossario.
