3446 5458
389 315 459 386 titt
739 313 912 384 lllSTOll.
929 311 1032 382 DAN.
1050 313 1186 382 LlllEli
1206 313 1244 386 V.

334 530 466 598 certim
480 521 710 620 speculaturi,
724 520 894 596 nuditatis
908 545 983 596 sum
1006 539 1178 620 tanquam
1204 543 1271 620 per
1285 523 1431 594 Ericnm
1443 523 1545 596 sactae
1561 523 1627 596 Od-

334 645 420 720 doni
446 649 707 744 querimoniam
733 643 937 733 afferentes,
973 649 1112 717 cautius
1134 642 1319 742 explorata
1343 643 1526 720 referrent.
1586 645 1627 717 llli

333 765 434 866 apud
446 766 636 841 Oddonem
652 766 860 840 familiarius
876 764 998 858 habiti,
1024 791 1132 838 omne
1149 764 1252 840 ducis
1267 771 1497 866 propositum
1512 792 1630 840 versu-

334 893 378 964 tis
393 889 542 962 auribus
558 891 674 963 venati
692 905 785 962 sunt.
826 876 1019 963 'Statuerat
1042 890 1137 960 enim
1160 885 1321 962 dduculo
1344 885 1485 963 hostem
1501 895 1628 988 impro-

334 1011 457 1086 vidum
471 1009 640 1110 aggredi,
656 1035 731 1109 quo
747 1012 848 1084 eitius
866 1013 1051 1084 nocturnis
1076 1009 1298 1109 implicatum
1322 1012 1539 1110 tegminibus
1567 1011 1628 1086 ob·

334 1149 524 1222 truncaret,
550 1132 743 1222 allirmans,
767 1158 812 1206 co
836 1132 927 1206 lucis
951 1149 1117 1231 tempore
1130 1132 1347 1231 corporibus
1374 1131 1538 1207 hmnanis
1561 1131 1631 1230 plus

333 1259 494 1354 stuporis
509 1270 619 1352 atque
636 1252 837 1353 gravedinis
855 1257 970 1330 inesse
988 1253 1114 1328 solere.
1167 1259 1339 1353 Praecepit
1356 1281 1517 1356 qnoque,
1535 1277 1631 1327 nares

333 1381 425 1450 saxis
442 1375 490 1448 ad
507 1373 714 1475 jaciendum
728 1375 912 1450 habilibus
928 1385 1080 1470 onerari,
1113 1377 1274 1452 suturam
1298 1380 1390 1450 exitii
1417 1382 1472 1452 sui
1501 1403 1632 1452 causam

334 1499 545 1573 accelerans.
600 1497 867 1596 Exploratores,
881 1499 1059 1573 concubia
1080 1515 1187 1572 nocte
1204 1499 1354 1599 delapsi,
1368 1507 1548 1593 nunciant,
1563 1497 1630 1570 od·-

333 1624 466 1697 donem
488 1625 670 1719 exquisitis
692 1619 738 1692 ad
753 1624 890 1720 jactum
910 1621 1041 1720 lapillis
1057 1639 1130 1695 tota
1152 1623 1310 1722 replesse
1348 1627 1505 1720 navigia,
1529 1635 1629 1694 caete-

333 1772 394 1835 ra,
419 1769 502 1844 qaae
518 1761 743 1840 acceperant,
771 1746 1005 1818 intimantem.
1057 1747 1197 1833 Ericus,
1221 1771 1261 1818 re
1285 1743 1483 1818 admodum
1510 1749 1629 1844 cogni·-

335 1887 389 1958 ta,
413 1891 527 1964 quum
548 1863 670 1938 classis
692 1889 768 1938 suae
797 1870 1014 1964 paucitatem
1039 1868 1253 1958 attenderet,
1286 1891 1401 1965 aqpas
1428 1873 1463 1939 in
1486 1865 1630 1940 hostium

333 1993 528 2089 perniciem
544 1986 746 2062 evocandas
772 2012 972 2088 earumque
998 1991 1065 2064 sibi
1097 1989 1359 2064 conciliandum
1379 1995 1519 2088 putavit
1536 1989 1631 2062 auxi-

334 2113 430 2185 lium.
489 2114 616 2208 Itaque
635 2109 772 2208 scapha
794 2129 965 2210 exceptus
1001 2139 1044 2186 ac
1068 2116 1177 2187 tacito
1193 2139 1376 2186 remorum
1392 2118 1471 2186 nisu
1493 2111 1633 2209 propius

334 2227 490 2310 hostium
508 2234 636 2306 carinis
652 2232 834 2324 advectus,
846 2237 978 2308 vicinas
993 2261 1098 2334 aqua·
1114 2235 1256 2310 tabulas
1270 2241 1403 2310 sensim
1426 2238 1556 2306 intorto
1580 2249 1629 2308 tc.-

333 2355 444 2430 rebro
461 2359 598 2448 cavat²,
621 2379 665 2430 ac
682 2381 779 2444 mox,
803 2360 954 2464 remigio
982 2363 1039 2430 vix
1063 2383 1167 2431 auras
1181 2355 1364 2456 pulsante,
1396 2354 1527 2429 reditui
1549 2380 1631 2428 eon-

288 2561 294 2572 „
333 2478 425 2552 sulit.
478 2476 579 2549 Adeo
593 2493 712 2548 autem
728 2483 986 2578 circmnspectc
1010 2505 1050 2554 se
1073 2482 1193 2578 gessit,
1210 2497 1248 2554 ut
1269 2480 1517 2554 excubitorum
1537 2501 1631 2550 nemo
1699 2557 1700 2560 Ἴ

334 2600 472 2675 aditum
487 2603 567 2700 ejus
581 2597 837 2676 abscessumve
851 2600 1146 2701 deprehenderet.
1186 2607 1268 2696 Quo
1288 2604 1518 2701 enavigante,
1543 2625 1631 2699 pau-

333 2725 430 2798 latim
453 2722 614 2797 Oddonis
643 2738 736 2796 rates
758 2741 905 2822 excepta
930 2727 1083 2798 rimatim
1112 2723 1211 2800 unda
1232 2723 1417 2823 depressit
1484 2721 1630 2806 Easdem,

332 2869 430 2948 aqut
444 2845 550 2920 latius
566 2851 759 2918 introrsum
774 2863 970 2946 stagnante,
989 2847 1137 2924 recondi
1157 2851 1296 2948 gurgite
1312 2847 1536 2923 videbantur.
1568 2849 1632 2917 Nec

332 2995 463 3068 parum
489 2967 674 3042 descensui
703 2964 841 3041 addidit
865 2973 1043 3043 internum
1079 2968 1243 3069 lapidum
1275 2969 1431 3070 pondus
1501 2971 1543 3041 Et
1565 2971 1631 3066 jam

333 3285 466 3348 tiationis
480 3297 511 3348 et
531 3281 630 3370 eliqua
645 3280 678 3346 in
692 3282 817 3346 vocibus
833 3281 958 3348 ssecten-
1017 3283 1140 3366 docent,
1163 3299 1197 3350 ut
1221 3283 1358 3352 nuditate
1377 3307 1431 3348 sua
1448 3285 1537 3350 iidem
1558 3284 1631 3348 lace·

332 3390 378 3454 dis
391 3391 536 3455 varietate
552 3409 614 3452 ase
629 3389 758 3452 invicem
779 3389 957 3471 discessisse,
1015 3407 1085 3456 rent
1099 3394 1231 3478 querelis
1244 3395 1304 3456 suis
1321 3391 1359 3456 de
1376 3391 1490 3477 injuria
1509 3390 1564 3456 sibi
1579 3409 1631 3476 per

332 3498 446 3560 hancce
461 3515 532 3562 tero
549 3495 788 3580 qualemcunque
800 3495 957 3562 diversim-
1015 3501 1140 3562 Ericum
1156 3499 1250 3562 illata.

331 3615 393 3665 tem
414 3600 578 3686 antiquiori
597 3621 663 3666 mro
688 3599 779 3664 fuisse
798 3603 956 3667 minorem.

790 3713 795 3725 ,
1064 3649 1211 3718 Ἐωιενα,
1228 3669 1290 3729 quoe
1302 3651 1487 3730 acceperant,
1506 3648 1629 3704 arteman·
1698 3697 1699 3725 3

331 3706 405 3770 lude
428 3719 530 3792 patet,
547 3710 695 3770 Saxonem
716 3711 842 3772 hommes
864 3714 943 3773 Dam

589 3817 594 3827 .
700 3812 707 3826 .
825 3814 832 3829 ,
944 3745 959 3758 “
1017 3747 1073 3832 tes]
1095 3753 1260 3814 intimandi
1289 3747 1385 3814 rerbo
1410 3749 1561 3834 praecipue
1584 3765 1630 3807 ca-

330 3839 371 3876 ece
390 3815 542 3900 secandos
570 3815 677 3896 langue
698 3814 881 3878 intellexisse
902 3814 960 3879 hoq
1015 3855 1114 3920 dentis
1135 3855 1308 3919 Latinitatis
1330 3854 1497 3938 scriptom
1527 3864 1558 3914 ,et
1575 3853 1629 3910 Pa.

329 3918 443 3996 mines,
470 3918 524 4002 qui
541 3916 659 4002 singula
680 3915 772 3981 rerba
794 3938 879 3982 more
894 3924 957 3984 Da·
1013 3975 1077 4026 w
1091 3961 1140 4026 mi
1153 3975 1232 4026 sunt·
1273 3963 1401 4030 vem
1415 3961 1530 4022 (Hm
1543 3955 1629 4040 expli.

330 4045 440 4087 norrun
455 4019 642 4108 proferrent.

348 4117 351 4126 ¹
376 4131 459 4216 ‘diae
472 4125 561 4206 ceste]
578 4127 818 4214 Haudquaquam
832 4147 869 4192 eo
884 4149 957 4192 con-

329 4233 398 4298 silio
416 4234 524 4296 Ericus
538 4231 711 4320 mauringus
732 4235 864 4298 restibus
885 4255 957 4298 exn·

329 4353 378 4404 tos
404 4338 535 4404 emisisse
555 4360 591 4404 ex
612 4354 713 4404 mente
741 4341 854 4405 autoris
885 4361 955 4406 cen-

328 4443 439 4508 sendas
459 4458 515 4526 est,
535 4469 574 4512 ne
589 4450 701 4514 vestitu
715 4448 868 4532 originem
877 4451 958 4512 Nor·

1014 4081 1085 4132 cant
1118 4067 1283 4148 γνωρίσαι,
1318 4060 1505 4146 ἐμφανίσαι,
1543 4079 1629 4139 φανε-

1013 4171 1113 4252 prieur
1126 4173 1147 4237 i.
1165 4193 1191 4237 e.
1206 4173 1331 4258 publice
1346 4171 1508 4234 declarare.
1541 4168 1640 4243 Usila,

1014 4277 1127 4342 tissima
1142 4301 1201 4344 ros
1216 4291 1262 4344 est
1273 4279 1356 4342 Julio
1371 4277 1513 4341 Firmico.
1528 4273 1571 4358 (S)

1059 4451 1204 4512 ²Vt'cr'aas
1224 4472 1306 4532 aque
1332 4449 1449 4512 tubulus
1467 4454 1565 4511 seusun
1585 4451 1628 4504 aa·

330 4550 466 4635 reginam
482 4552 658 4636 proderent,
678 4575 746 4638 qum
769 4553 953 4618 Daltlmanni
1014 4569 1092 4615 torto
1113 4557 1223 4616 terebro
1244 4551 1345 4634 cavat]
1365 4556 1548 4640 Strategeme
1569 4551 1625 4634 jam

330 4668 376 4753 est
398 4659 546 4722 sententia
566 4659 797 4746 (Forschungen
815 4657 872 4722 aui
884 4657 953 4720 dem
1012 4657 1069 4736 bis,
1092 4656 1129 4722 de
1144 4657 1307 4742 lladdingo
1326 4657 1410 4722 libi
1430 4681 1463 4746 p.
1483 4655 1525 4722 56
1544 4651 1625 4720 etde

330 4757 456 4824 Gebicte
472 4762 526 4826 der
544 4765 725 4828 Geschichte
737 4764 755 4827 1
768 4770 804 4828 B.
829 4760 954 4844 8256),
1012 4764 1171 4828 Frothone
1191 4767 1297 4830 Primo
1312 4763 1366 4827 lib.
1387 4767 1415 4828 11
1436 4787 1466 4849 p.
1486 4761 1534 4846 65,
1556 4762 1624 4826 rela-

329 4865 382 4930 sed
399 4865 512 4948 potius,
527 4868 780 4950 quemadmodum
801 4871 956 4955 sequentis
1014 4883 1079 4935 tum
1093 4871 1186 4938 Erico
1203 4873 1313 4937 iterum
1329 4869 1483 4936 triburitur.
