3458 5454
380 333 458 408 sao
719 307 1257 408 oistonnannnnnvn

328 546 416 622 sime
429 542 633 633 decentis,
657 555 813 640 utroque
834 539 926 616 duce
944 557 1138 640 prostrato,
1170 543 1359 620 Danorum
1379 541 1533 646 reliquias
1546 553 1599 622 ri-

328 675 439 742 ctoria
470 666 659 742 decorarit.
746 667 859 736 Nocte
883 688 970 738 vern
1009 663 1170 762 praelium
1197 669 1355 741 insecuta
1378 665 1424 740 ad
1450 669 1605 759 constituti¹

328 807 455 891 portus
475 786 743 886 receptaculum
763 786 883 860 elassis
898 789 1043 859 Snsarn¹
1072 789 1196 861 rimata
1206 793 1381 888 pervenit.
1445 791 1547 888 Cujus
1559 791 1605 866 al-

328 937 448 1004 veum,
469 907 653 1011 qnondam
673 909 827 1008 remigiis
844 910 1027 1006 pervium,
1048 941 1053 954 ·
1073 929 1169 984 nunc
1198 910 1427 985 solidioribus
1454 909 1606 987 elementis

328 1050 534 1110 concretum
549 1035 720 1132 angustiae
741 1028 907 1120 limitent,
938 1047 978 1103 ut
995 1047 1134 1104 vetante
1159 1033 1415 1106 constrictionis
1431 1037 1542 1106 inertia
1555 1060 1606 1107 ra-

327 1181 390 1232 ros
407 1157 586 1255 puppium
610 1145 816 1226 admittatur
841 1157 1031 1252 ingressus.
1100 1153 1286 1229 'Diluculo
1306 1171 1435 1247 nautae,
1457 1157 1607 1230 sociorum

329 1277 503 1352 cadavera
524 1277 729 1376 conspicati,
746 1275 932 1348 funerandi
947 1273 1048 1352 ducis
1070 1279 1181 1378 gratia
1207 1275 1336 1350 collem
1363 1293 1522 1376 spectate
1542 1303 1608 1351 ma-

328 1399 519 1500 gnitudinis
532 1413 715 1488 extruunt,
740 1419 848 1497 quem
864 1419 979 1495 usque
1002 1423 1098 1472 nunc
1124 1399 1293 1506 opinione
1316 1397 1490 1472 celebrem
1509 1403 1608 1472 liaco-

327 1525 384 1596 nis
399 1522 549 1596 bustum
570 1519 666 1594 sama
682 1524 919 1621 cognominat.
977 1523 1140 1613 Quorum
1162 1519 1425 1594 multitudinem
1452 1526 1609 1610 Bnrcamq

328 1655 413 1720 curn
435 1645 584 1717 Scanico
604 1657 749 1742 repente
774 1643 933 1739 equitatu
956 1639 1165 1734 adveniens,
1192 1649 1268 1716 neci
1286 1643 1468 1742 implicuit.
1528 1647 1609 1716 Con·

328 1781 476 1866 sumpto
488 1763 605 1856 hoste,
623 1785 754 1836 vacuas
773 1764 923 1863 remigio
938 1781 1032 1838 rates
1047 1771 1223 1866 instruens
1245 1751 1429 1840 Hamundi
1440 1765 1540 1839 filium
1555 1789 1609 1836 an-

327 1891 411 1964 hela
431 1909 597 1988 praeceps
631 1883 807 1959 celeritate
833 1889 1069 1985 persequitur.
1146 1887 1261 1986 Cujus
1289 1861 1481 1986 congressis
1501 1885 1610 1974 babilo,

329 2013 474 2112 contigit
488 2013 682 2100 flaconem,
695 2007 805 2082 rebus
821 2005 1004 2082 infeliciter
1018 2010 1135 2110 gestis,
1150 2026 1248 2082 metu
1258 2013 1478 2109 praecipitem
1492 2012 1523 2082 in
1536 2011 1608 2081 Sco-

329 2135 476 2213 thorum
490 2133 644 2234 patriam
659 2137 767 2206 ternis
784 2129 928 2207 evolare
945 2131 1104 2234 navigiis
1154 2132 1223 2206 Ubi
1238 2131 1392 2208 decurso
1409 2134 1544 2207 biennio
1555 2129 1609 2204 de-

328 2259 524 2365 fungitur&

401 2477 403 2482 Ι
431 2405 435 2414 ’
461 2375 559 2454 Talia
573 2401 692 2452 rerum
707 2373 960 2476 bellorumque
974 2376 1176 2452 discrimina
1197 2376 1289 2452 adeo
1302 2380 1438 2478 regiam
1451 2372 1609 2475 apudDa-

328 2529 396 2583 nos
411 2519 554 2608 gentem
567 2498 821 2589 exhauserant,
854 2515 895 2572 ut
909 2496 1004 2572 hanc
1030 2495 1079 2572 ad
1092 2500 1209 2574 solam
1229 2498 1455 2592 Guritham³‚
1474 2497 1538 2570 sifi
1555 2491 1611 2572 iill-

329 2655 399 2722 am,
418 2629 532 2728 Sigari
553 2647 641 2698 vcro
661 2637 821 2720 neptem,
843 2618 1021 2693 redactam
1047 2645 1124 2697 csse
1139 2635 1325 2698 constaret
1386 2623 1457 2715 Qui
1472 2637 1612 2719 quomse

330 2765 505 2826 consvetae
520 2743 713 2821 nobilitatis
727 2741 900 2843 regimine
916 2740 1075 2818 deiectos
1091 2743 1261 2840 viderent,
1280 2770 1436 2846 regnum
1448 2737 1611 2842 populati-

234 2933 238 2941 .
331 2874 401 2949 bus
415 2869 570 2960 tradunt,
595 2871 792 2964 creatisque
808 2889 849 2938 ex
866 2863 974 2964 plebe
996 2867 1256 2966 principibus⁴,
1289 2867 1476 2944 Ostmaro‘
1494 2861 1612 2946 Scania,

236 2977 244 2993 ⁸
330 2993 525 3092 flendingo
550 2988 736 3065 sialandiae
757 2993 1046 3088 procurationem
1062 2990 1278 3086 attribuunt;
1312 2994 1348 3064 in
1374 2979 1613 3065 HancnemFi·

332 3123 425 3192 onias
441 3114 633 3190 dominium
649 3114 854 3209 conserunt3
881 3137 991 3214 penes
1008 3113 1178 3188 sericum
1200 3131 1309 3214 atque
1325 3113 1516 3190 llaterum⁶
1532 3107 1614 3180 ‹lullae

380 3423 520 3506 ¹Susam]
541 3423 646 3490 Amnis
671 3425 746 3487 Susa
768 3445 848 3488 nunc
866 3426 958 3504 rivus,
1017 3423 1054 3487 ad
1070 3423 1193 3508 plebem
1218 3427 1372 3488 translata.
1415 3425 1475 3489 Sed
1490 3423 1614 3484 becren-

301 3515 386 3620 fqui
404 3553 442 3596 ne
456 3531 640 3617 navigiolnm
655 3531 776 3616 quidem
791 3531 883 3615 capit.
1015 3531 1111 3594 tentia
1129 3553 1191 3594 non
1211 3531 1444 3594 consenit‘cam
1466 3521 1614 3616 preceden-

240 3654 246 3668 '
343 3645 346 3651 ’
379 3641 469 3703 ²Ubt'
489 3639 608 3700 decurso
631 3639 743 3700 br'enna'o
770 3631 959 3722 defungatur]
1016 3635 1107 3717 tibus,
1122 3637 1154 3698 in
1170 3635 1278 3725 quibus
1293 3659 1355 3698 non
1364 3656 1466 3700 sermo
1489 3633 1575 3696 luerat
1587 3625 1615 3687 dt

335 3743 570 3810 Observationes
588 3745 620 3803 io
645 3741 803 3804 historiam
825 3741 958 3832 liaconis
978 3783 982 3824 ς
1016 3742 1116 3828 eliqua
1134 3741 1282 3806 nobilium
1299 3741 1394 3821 caede,
1414 3739 1467 3807 sed
1487 3739 1521 3805 tle
1534 3733 1616 3800 interi·

334 3847 488 3914 Hamundi
500 3847 556 3911 lilii
569 3846 631 3910 rid.
645 3847 675 3909 in
692 3861 755 3910 not.
770 3847 854 3910 uber.
1018 3861 1052 3911 tu
1067 3849 1170 3932 stirpis
1192 3849 1294 3934 regiae.
1335 3851 1463 3913 Sensum
1483 3847 1567 3933 igitur
1583 3841 1616 3919 lt,

374 3957 397 3996 ‘⁸
413 3953 582 4032 Guritlrcm]
605 3952 663 4014 Ed.
689 3975 735 4040 pr.
756 3953 849 4017 babet
876 3957 959 4018 Juri·
1019 3953 1046 4017 ci
1064 3953 1106 4016 ita
1121 3943 1295 4018 constituo:
1324 3976 1393 4018 cum
1411 3953 1491 4018 Dani
1506 3969 1535 4013 se
1553 3941 1617 4012 vile·

336 4063 428 4134 elam,
451 4057 695 4144 insequentibus
707 4079 782 4122 vero
798 4062 961 4122 Guritham.
1019 4073 1089 4123 rent
1110 4059 1271 4124 destitutos
1297 4060 1468 4125 rectoribus
1489 4077 1522 4120 cx
1542 4047 1617 4116 reteri

335 4169 438 4252 lianc¹
454 4164 549 4250 igitur
574 4163 604 4228 in
643 4167 765 4229 nomine
798 4163 961 4230 scribendo
1019 4167 1114 4251 stirpe
1145 4165 1308 4250 eademqne
1344 4163 1525 4230 nobilissima
1550 4155 1616 4226 ostiti

202 4319 211 4332 .
336 4271 570 4337 inconstantiam
603 4272 784 4357 stephanius
814 4291 869 4334 sno
896 4271 961 4334 iure
1020 4272 1179 4358 imperium
1200 4271 1324 4336 tradunt
1345 4271 1499 4349 nonnullis
1517 4289 1548 4330 er
1562 4259 1617 4326 cin'·

337 4378 478 4441 correxit.
717 4439 733 4454 ,
783 4429 789 4438 .
1020 4379 1076 4441 bus
1096 4382 1167 4458 suis,
1192 4379 1328 4442 emedio
1353 4381 1470 4465 populo
1492 4369 1617 4460 principa

381 4483 504 4570 ⁴anm
519 4503 697 4547 seconsaetoe
710 4485 870 4547 nobilitatis
885 4486 962 4566 regi·
1018 4498 1164 4548 creantes.
1228 4489 1275 4548 De
1298 4485 1432 4570 quinque
1453 4483 1511 4545 illis
1532 4471 1617 4541 Daniae

315 4591 411 4654 mine
439 4591 574 4676 desectos
597 4635 619 4651 ..
635 4591 808 4674 'creatisque
830 4587 962 4675 explebe
1021 4581 1211 4676 principibus
1227 4591 1285 4654 rid.
1305 4605 1369 4656 not.
1388 4591 1439 4652 nb.

333 4691 528 4782 perissa'pibus]
551 4683 658 4758 Primo
689 4695 809 4780 quidem
847 4691 963 4755 intuito
1067 4695 1243 4780 ⁸Ortonam]
1264 4701 1314 4760 De
1339 4716 1376 4760 eo
1398 4693 1457 4758 rid.
1477 4700 1536 4754 not.
1551 4681 1618 4746 uber.

338 4797 431 4862 verba
443 4799 613 4881 tec-agere
633 4801 774 4864 ridentur
794 4799 832 4862 de
849 4819 964 4862 summa
1066 4805 1226 4866 ⁸R6rr'enm
1252 4823 1340 4887 atque
1360 4795 1513 4876 Hateram]
1527 4792 1618 4856 Dituss·

339 4921 441 4966 rernm
455 4903 622 4968 incivitate
640 4905 678 4969 eb
690 4906 797 4969 ordine
813 4903 961 4966 nobilium
1023 4919 1073 4971 tor
1080 4907 1183 4992 Rogni
1196 4922 1228 4972 et
1236 4909 1353 4973 Hatlsar
1361 4907 1485 4992 (Script
1498 4920 1549 4965 rer.
1557 4899 1617 4958 Dan·
