3446 5458
386 1341 609 1510 Saxonis
644 1391 992 1512 Granunatici
1023 1387 1269 1506 Historiae
1302 1385 1529 1499 Danicae

733 1635 897 1722 Liber
933 1635 1182 1746 Quartus.

300 1969 477 2080 Peracta
491 2008 605 2081 vitrici
620 2022 755 2107 strage,
777 2005 975 2100 Amlethus,
996 2005 1134 2080 facinus
1157 2029 1264 2079 suum
1286 2004 1421 2077 incerto
1438 1999 1599 2102 popula-

302 2135 396 2203 rium
417 2127 553 2230 judicio
569 2127 698 2204 offerre
711 2133 854 2224 veritus,
878 2129 1024 2204 latebris
1046 2123 1218 2202 utendum
1232 2127 1459 2220 existimavit,
1480 2122 1601 2220 donec,

304 2277 479 2352 quorsum
498 2251 686 2326 inconditae
705 2251 824 2352 plebis
848 2250 979 2351 vulgus
996 2265 1236 2351 procurreret,
1251 2245 1440 2322 didicisset.
1499 2248 1602 2348 lgitur

303 2377 442 2466 vicinia,
456 2399 539 2474 qnae
557 2390 668 2447 noctu
684 2373 886 2449 incendium
897 2372 1082 2474 speculata
1091 2371 1217 2464 linerat,
1232 2393 1337 2444 mane
1350 2393 1498 2445 causam
1513 2395 1601 2444 con-

303 2503 414 2598 specti
430 2499 519 2597 iguis
531 2521 639 2570 nosse
657 2501 822 2596 cupiens,
855 2495 1052 2593 collapsam
1066 2501 1102 2569 in
1123 2497 1260 2568 cineres
1281 2494 1415 2595 regiam
1437 2491 1601 2566 animad-

304 2624 415 2712 vertit,
428 2625 623 2718 ruinasque
638 2621 719 2718 ejus
734 2618 854 2694 adhuc
877 2616 1015 2718 tepidas
1033 2632 1266 2717 perscrutata,
1287 2613 1375 2688 nibil
1398 2634 1529 2716 practer
1542 2617 1600 2689 in·

303 2741 436 2815 formes
452 2739 727 2815 combustorum
751 2765 945 2840 corporum
968 2738 1138 2838 reliquias
1159 2745 1302 2839 reperit.
1361 2735 1463 2812 Adeo
1486 2755 1601 2812 autem

303 2888 414 2968 vorax
431 2861 576 2935 flamma
600 2867 719 2934 omnia
734 2859 940 2960 perederat,
972 2877 1011 2935 ut
1034 2888 1080 2935 ne
1102 2861 1209 2936 index
1227 2860 1373 2962 quidem
1389 2877 1538 2954 extaret,
1559 2885 1600 2934 ex

304 3009 379 3082 quo
393 3001 499 3056 tantae
515 2982 626 3058 cladis
645 3008 752 3057 causa
769 2985 885 3082 accipi
903 3001 1035 3082 posset.
1093 2987 1236 3084 Corpus
1256 3007 1405 3084 quoque
1425 2983 1598 3082 Feugonis

304 3103 400 3176 ferro
416 3105 623 3179 confossum
651 3109 742 3178 inter
765 3123 928 3179 cruentas
947 3107 1176 3204 spectabatur
1189 3108 1347 3180 exuvias.
1403 3105 1490 3180 Aliis
1507 3103 1599 3177 indi-

303 3227 422 3352 gnatio
446 3245 590 3326 patens,
616 3227 691 3301 aliis
706 3254 851 3322 moeror,
865 3226 1085 3329 quibusdam
1101 3228 1274 3330 gaudium
1288 3226 1469 3301 occultum
1480 3229 1599 3301 inces-

304 3367 405 3422 serat.
465 3352 509 3421 Hi
534 3347 636 3423 ducis
658 3350 942 3424 lamentabantur
967 3352 1161 3444 interitum,
1194 3348 1231 3422 bi
1252 3353 1402 3448 sopitam
1418 3347 1597 3449 parricidae
1630 3393 1637 3404 ·

303 3470 524 3569 tyrannidem
542 3469 819 3572 gratulabantur.
871 3476 920 3544 Ita
937 3477 1043 3573 regiae
1066 3474 1162 3546 necis
1179 3490 1324 3546 eventus
1346 3470 1492 3544 dividua
1511 3494 1597 3573 spe-

302 3610 477 3669 ctatorum
492 3599 660 3667 sententia
677 3595 928 3694 excipiebatur.
1233 3589 1237 3598 ’

350 3725 352 3728 ’
428 3721 481 3790 Ea
503 3719 600 3820 uulgi
625 3719 875 3819 tranquillitate
898 3714 1083 3790 Amlethus
1106 3714 1421 3816 relinquendarum
1443 3713 1597 3788 latebra-

302 3866 382 3913 rum
396 3837 566 3912 fiduciam
580 3839 750 3940 adeptus,
775 3841 964 3932 accersitis,
987 3837 1122 3937 quibus
1136 3843 1323 3912 arctiorem
1332 3839 1443 3937 patris
1461 3861 1598 3909 merno-

299 3969 389 4036 riam
404 3941 579 4036 inhaerere
594 3978 822 4062 cognoverat,
839 3965 1049 4034 concionem
1063 3962 1159 4058 petit,
1181 3966 1217 4034 iu
1232 3984 1306 4059 qua
1322 3961 1516 4033 orationem
1525 3957 1597 4032 hu·

299 4083 458 4184 jusmodi
473 4083 619 4158 babuit:
643 4089 722 4158 Non
748 4109 814 4159 vos
828 4098 982 4176 moveat,
1002 4106 1193 4180 proceres,
1216 4106 1373 4180 praeseus
1398 4081 1598 4155 calamitatis

302 4207 420 4301 facies,
441 4212 469 4282 si
487 4230 581 4306 quos
596 4205 805 4280 miserabilis
824 4203 1048 4280 Horrendilli
1064 4205 1173 4278 exitus
1188 4219 1327 4297 mooet3
1347 4229 1421 4278 non
1442 4229 1519 4300 ros,
1542 4207 1597 4275 in-

302 4355 424 4428 quam,
443 4345 597 4422 moveat,
614 4329 747 4428 quibus
765 4333 800 4400 in
824 4351 946 4426 regem
961 4324 1064 4416 fides,
1081 4331 1115 4398 in
1129 4345 1314 4425 parentem
1331 4331 1445 4425 pietas
1463 4340 1596 4414 servata

301 4468 363 4524 cst.
416 4452 615 4543 Parricidae,
638 4479 710 4526 non
734 4451 829 4550 regis
849 4449 1050 4522 intueamini
1068 4446 1187 4522 funus.
1246 4449 1464 4522 Luctuosior
1484 4449 1596 4547 siqui·-

301 4571 384 4644 dem
406 4573 467 4645 illa
494 4572 604 4648 sacics
628 4590 721 4664 crat,
748 4595 870 4669 ‘quum
892 4575 958 4668 ipsi
986 4593 1108 4670 regem
1128 4586 1291 4644 nostrum
1307 4569 1355 4642 ab
1380 4570 1597 4670 iniquissimo

302 4692 491 4792 parricida,
516 4721 562 4769 ne
576 4695 692 4768 dicam
710 4695 829 4784 sratre,
854 4691 1017 4765 flebiliter
1032 4689 1236 4791 jugulatum
1253 4689 1397 4766 vidistis.
1456 4673 1527 4793 Ipsi
1540 4689 1594 4764 la·

302 4840 403 4888 ceros
429 4815 647 4890 llorvcndilli
673 4833 788 4908 artus,
821 4817 888 4913 ipsi
904 4840 1037 4914 corpas
1058 4813 1194 4888 crebris
1211 4811 1425 4889 vulneribus
1445 4813 1593 4890 absum-
