3446 5458
640 317 848 404 sumens.
1272 305 1344 406 rsa

84 545 123 614 in
146 542 203 614 te²
230 543 334 640 igme
352 537 454 616 nulla
467 537 652 616 salamim
672 541 803 638 sopiet,
824 535 947 616 nullus
969 535 1062 614 livor
1081 541 1279 637 extinguet,
1305 543 1394 642 quin

82 667 169 738 etin
183 664 379 740 te'sitriatre
390 667 591 762 exsugitrrttt
606 659 776 760 detegam
796 675 850 756 et,
863 685 957 760 quas
980 658 1282 760 deprehenderim
1302 665 1393 736 insi·-

82 782 173 878 d'fflr
187 783 358 884 lmdffl
411 783 659 878 Qutmobreto
676 781 878 860 cavendum
893 783 958 858 tibi
974 809 1142 858 socerum
1158 799 1276 884 P¹¹²⁶⁸t
1294 785 1396 884 ΨΜ
1515 889 1523 896 .

82 913 161 1006 ipse
191 905 381 1009 legatiums
410 923 629 1007 provectum
656 911 850 1006 serpen-is,
882 921 1102 1007 omnemque
1131 910 1213 1007 ejus
1237 905 1395 984 fructum

83 1035 117 1102 iu
130 1043 252 1126 temet,
273 1029 376 1106 eluso
392 1031 559 1106 mittentis
583 1046 688 1123 roto,
710 1031 891 1130 pervicaci
913 1035 1147 1129 usurpatione
1161 1028 1397 1106 transtuleris.

83 1153 162 1244 Qus
179 1177 271 1230 voce
286 1177 328 1228 se
341 1151 526 1254 conjugali
541 1175 655 1252 quam
670 1168 830 1251 pateruae
844 1158 979 1228 carituri
998 1153 1209 1252 propiorem
1230 1150 1395 1226 ostendit.

214 1277 302 1361 Bne
326 1272 499 1373 loquente
522 1299 566 1348 ea
585 1270 687 1350 adest
700 1275 891 1350 Britannice
905 1301 980 1364 rex,
1000 1293 1248 1376 generumque
1264 1277 1396 1350 arctius

84 1421 194 1494 quam
209 1395 438 1474 affectuosius
451 1395 688 1496 amplexatus,
721 1398 888 1472 convivio
910 1399 1051 1498 excipit,
1067 1395 1287 1474 liberalitatis
1302 1419 1395 1497 spe-

85 1522 136 1592 cie
150 1516 291 1595 fraudis
303 1519 533 1619 propositum
548 1518 740 1594 celaturus.
791 1517 992 1614 Amlethus‚
1005 1521 1147 1622 cognita
1161 1517 1300 1612 luendo,
1312 1543 1395 1594 rue·-

86 1657 159 1716 tum
183 1637 449 1718 d‘usirnelamer
471 1639 628 1734 babuit„
653 1641 892 1740 ducentisque
912 1643 1097 1742 equitibus
1121 1648 1158 1718 in
1187 1645 1396 1720 comitatum

85 1769 250 1862 receptis,
273 1761 517 1838 subarmalem
539 1759 676 1840 iestem
689 1763 859 1840 indutus²
879 1765 1095 1865 obsequitur
1116 1767 1286 1857 invitanti,
1310 1791 1396 1838 ma-

86 1883 225 1985 luitquc
238 1893 348 1986 regios
365 1887 581 1965 simulationi
596 1884 801 1986 periculose
819 1911 960 1986 parere,
981 1913 1092 1987 quarn
1109 1891 1261 1988 turpiter
1276 1913 1396 1990 repu-

87 2033 205 2109 gnare.
283 2007 386 2086 Adeo
410 2008 636 2086 honestatem
666 2018 704 2086 in
739 2023 877 2090 cunctis
909 2009 1175 2090 observandam
1207 2011 1395 2111 putabat³.
1508 2101 1510 2111 Ι

87 2137 200 2227 Quem
225 2135 390 2208 cominus
415 2131 684 2234 obequitantem
712 2163 775 2212 rex
800 2137 871 2212 sub
892 2141 970 2238 ipsa
999 2132 1237 2235 bipatentium
1263 2150 1395 2235 porta-

87 2279 167 2330 mrn
183 2251 361 2330 testudine
386 2253 535 2332 odortus
560 2256 683 2356 jaculo
708 2266 946 2361 transegisset,
970 2260 1005 2328 ni
1031 2255 1167 2330 ferrum
1181 2255 1398 2332 subarmalis

86 2395 179 2478 togte
190 2374 342 2454 dutus
359 2376 559 2477 repulisset
609 2379 810 2476 Amletlrus,
825 2381 896 2460 leri
908 2397 1057 2480 recepto
1071 2377 1232 2471 vulnere,
1264 2403 1309 2456 eo
1325 2379 1395 2454 loci

89 2527 123 2576 se
144 2497 315 2592 coutrrlit,
347 2498 412 2574 ubi
438 2501 614 2576 Senticam
638 2505 863 2602 juventutem
890 2501 1120 2604 exspectandi
1143 2500 1262 2576 officio
1293 2500 1397 2600 lengi

89 2625 250 2723 jusserat,
274 2624 419 2722 eaptiro
437 2648 543 2702 nore
565 2627 732 2726 conjugis
756 2624 984 2725 speculatore
1013 2625 1062 2702 sd
1088 2645 1209 2726 regem
1233 2629 1397 2718 remisso,

91 2751 149 2845 qui
166 2770 208 2822 se
220 2743 415 2822 &sunctae
429 2743 586 2822 domine
602 2747 722 2826 literas
737 2746 943 2852 loculorum
962 2745 1136 2824 custodire
1158 2744 1281 2822 furtim
1305 2769 1409 2820 erre-·

93 2873 195 2944 nisse
226 2865 393 2942 testando
424 2871 558 2944 crimen
582 2875 618 2944 in
638 2869 919 2946 Hemutrudarn
945 2868 1169 2958 refunderet,
1200 2871 1398 2968 ipsumque

92 3005 257 3067 ammoto
269 3013 404 3089 genere
420 2995 657 3068 excusationis
669 3009 771 3068 reatu
786 2993 999 3092 proditionis
1013 2989 1227 3069 absolveret.
1280 2993 1398 3084 Quem

90 3139 150 3188 rex
172 3111 313 3192 aridius
335 3112 533 3214 fugientem
561 3117 702 3214 insequi
724 3141 797 3192 non
817 3133 998 3209 moratus,
1036 3116 1179 3214 majore
1208 3117 1398 3214 copiarum

91 3253 190 3336 parte
211 3237 385 3336 privavit,
413 3239 461 3310 itu
485 3253 525 3312 ut
538 3235 724 3312 dmlethus
749 3236 809 3313 die
829 3255 991 3340 postero,
1011 3237 1164 3314 salutem
1184 3235 1310 3338 proelio
1324 3233 1396 3312 de-

92 3359 265 3449 fensurus,
290 3356 490 3458 desperatis
511 3358 710 3436 admodum
728 3360 912 3438 resistendi
939 3361 1097 3453 viribus,
1122 3358 1171 3434 ud
1193 3356 1398 3460 augendam

92 3481 323 3558 multitudinis
345 3485 505 3580 speeiem
539 3485 701 3560 exanima
720 3488 903 3560 sociorum
926 3507 1100 3583 corpora,
1115 3487 1246 3580 partim
1262 3480 1396 3580 subje-

93 3609 157 3681 ctis
170 3603 352 3704 stipitibus
372 3603 480 3697 tutu,
503 3609 634 3706 partim
649 3610 868 3708 propinquis
889 3603 1073 3706 lapidibus
1087 3603 1211 3698 allisa,
1241 3601 1311 3680 alia
1334 3597 1398 3680 ri-

92 3743 235 3802 reuuun
256 3752 360 3802 more
382 3729 485 3827 equis
507 3728 692 3828 impou'ta,
724 3727 827 3808 nullo
853 3751 1037 3805 armorum
1053 3726 1224 3818 merso,
1246 3723 1399 3826 perinde

92 3873 135 3922 ac
148 3847 351 3948 preliatum
368 3851 524 3926 sensum
545 3852 583 3926 in
602 3855 717 3926 aciem
732 3877 962 3950 ermenmque
983 3851 1179 3954 digesserit.
1239 3851 1313 3922 Nec
1330 3873 1398 3921 ra-

93 3975 165 4048 rius
177 3987 404 4048 mortuorum
417 3998 531 4050 cornu
546 3991 633 4067 mat
657 3997 768 4073 quarn
795 3979 990 4050 viventium
1013 3973 1157 4074 globus.
1215 3967 1398 4068 stupenda

94 4093 267 4194 siquidem
283 4093 344 4168 illa
359 4093 470 4170 facies
485 4113 584 4190 erat,·
597 4121 712 4196 quum
726 4099 867 4171 extincti
881 4111 1091 4198 raperentur
1106 4094 1153 4170 ad
1171 4089 1307 4194 praelia,
1324 4089 1418 4182 de-,
1556 4145 1557 4148 ,

139 4383 202 4450 ’ἕο
212 4381 326 4467 SbEtl·
340 4385 611 4472 princiacum
625 4392 714 4472 ignes.
772 4389 975 4450 melestunr'eoe
982 4389 1286 4467 dr'eurrtursuect'rretoe,
1301 4385 1331 4447 id
1341 4399 1398 4468 etti

141 4493 357 4572 'Sedamnlem
368 4511 475 4558 uestem
492 4490 625 4574 r'rrdutur]
642 4495 716 4556 Sub-
772 4509 870 4556 curte.

94 4599 210 4662 amnis
235 4597 269 4662 id
292 4610 340 4663 eat
363 4597 421 4664 rub
439 4599 530 4664 armis
552 4597 715 4684 gentilite
817 4601 924 4664 'Adeo
937 4601 1115 4662 honestatem
1128 4601 1159 4660 tir
1173 4601 1286 4661 eunetis
1304 4599 1399 4662 obsers-

95 4703 308 4786 Spatfisrtualrt
322 4701 387 4770 vita
395 4702 501 4772 &reri
515 4699 623 4790 oapsst
634 4707 717 4768 Pre-
773 4705 900 4768 oarrdarrr
919 4698 1061 4794 putabat]
1083 4707 1233 4766 Honeste:
1254 4702 1314 4766 huo
1329 4704 1400 4766 luto

98 4811 225 4874 terrenos
238 4835 304 4874 eura
317 4811 528 4878 solemnibus
540 4816 662 4875 rueram
677 4813 719 4874 si·
774 4809 901 4874 tumtur
914 4829 1005 4873 renen
1016 4807 1095 4873 bene
1111 4808 1207 4874 lutino
1226 4828 1286 4896 pro
1300 4810 1400 4894 dr‘grri·

99 4913 134 4972 br·
143 4915 229 4992 jussit
252 4939 409 4982 occurrere.
458 4915 584 5002 Papira:
607 4917 717 4980 strtar-
744 4943 747 4951 ¹
775 4933 851 4990 tate,
867 4917 977 4980 decore.
1099 4957 1102 4966 ‚
