3458 5454
660 384 859 462 SlGARUS.
1290 401 1364 473 339

95 603 220 660 torum
246 581 400 658 claritate
424 613 535 687 quam
557 595 682 690 specle¹
700 597 905 694 capiuntur,
945 625 1118 701 quasque,
1141 611 1318 700 nonoris,
1348 615 1413 686 sed

92 702 227 776 mentis
241 700 405 780 habitum
420 713 643 808 aestimantes,
668 717 703 788 io
720 715 894 791 alternum
913 721 1054 819 copulae
1071 727 1193 800 v‘otum
1209 729 1311 806 solus
1327 737 1410 806 ani-

93 823 144 894 mi
159 843 345 924 respectus
361 833 528 908 accendit.
580 837 811 937 Hagbarthus
828 841 1017 932 varocum
1034 850 1145 948 Sigari
1164 822 1244 924 tl'ttis
1259 854 1412 928 Daniam

92 961 233 1040 petens,
256 949 455 1051 iisdemque
473 955 602 1056 ignaris
628 968 759 1036 sororis
785 986 908 1036 eorum
923 963 1082 1066 alloquio
1098 972 1242 1070 potitus,
1267 974 1410 1050 tandem
1526 1019 1531 1028 ·

58 1081 60 1084 ·
90 1091 173 1138 eam
191 1069 239 1140 ad
257 1070 457 1148 clandestini
478 1071 687 1156 concubitus
708 1087 979 1182 promissionem
1002 1089 1075 1162 fide
1096 1092 1163 1166 sibi
1179 1092 1409 1195 obligandam

90 1187 255 1263 adduxit.
315 1197 405 1287 Quae
419 1199 662 1296 posmodum,
687 1203 780 1278 sorte
804 1205 1033 1308 pedissequis
1049 1216 1202 1314 insignes
1219 1239 1411 1314 procerum

91 1306 533 1414 titulosconierentibos1,
562 1323 772 1426 Hildigisleo
795 1332 1170 1432 Haconem·praetulit‚
1212 1339 1248 1408 in
1270 1337 1331 1413 illo
1348 1343 1409 1412 ni-

89 1429 143 1503 hil
163 1452 294 1531 praeter
308 1441 463 1536 speciem
485 1442 668 1522 laudabile
691 1454 856 1550 reperiri,
888 1455 923 1525 in
946 1457 1012 1528 isto
1040 1459 1112 1530 oris
1138 1457 1278 1534 litura'm
1303 1464 1410 1534 animi
1528 1474 1536 1487 “

91 1552 187 1627 tlore
204 1564 346 1655 pensari
362 1578 493 1638 testata.
561 1574 634 1643 Nec
650 1597 732 1645 eum
754 1575 906 1672 simplici
920 1575 1133 1654 laudationis
1149 1607 1279 1681 genere
1301 1602 1407 1660 eatu-

93 1674 179 1749 lisse
199 1697 374 1775 contenta,
385 1685 450 1759 toll
467 1709 641 1766 concentu
658 1719 720 1766 usa
739 1695 967 1792 perbihetur:

228 1839 299 1910 Hie
318 1843 491 1918 candores
504 1846 608 1950 inops
616 1849 746 1950 pruina
755 1849 938 1951 probitate
959 1851 1104 1943 relucet,

296 2039 302 2048 ,
398 1967 545 2040 Vultum
559 1971 685 2070 nigrore
699 1971 855 2076 ntetiens.

228 2087 329 2158 Nam
345 2085 521 2162 ἅαιηηιιιη
533 2085 663 2192 regizttoe
676 2091 823 2166 redemit
835 2122 937 2170 utens
959 2097 1083 2171 ardua
1086 2099 1243 2196 sormae,

1204 2211 1217 2242 ¹0

393 2211 636 2314 Mendamque
655 2213 762 2288 arbeit
778 2218 948 2319 corporis.

229 2329 344 2403 Corde
358 2332 472 2414 mt'cat
485 2337 635 2438 spectes,
644 2334 935 2438 faeiesfitritate
940 2343 1114 2441 juvatur,

392 2461 479 2557 Isaeo
493 2458 612 2558 ragrore
623 2463 803 2562 praecluis.

225 2575 304 2646 Nec
319 2579 481 2657 candore
493 2579 577 2655 beat
593 2593 785 2675 mentem²,
806 2585 872 2660 sed
885 2605 1000 2662 mente
1016 2590 1170 2664 colorem

395 2688 537 2776 Morum
552 2729 699 2780 severus
712 2707 858 2783 arbiter.

228 2818 323 2893 Huic
329 2823 488 2922 pretium
503 2851 577 2899 non
579 2825 716 2928 forma
718 2828 840 2931 facit,
855 2826 921 2907 sed
923 2829 1065 2934 sortior
1080 2857 1193 2906 ausus

137 3109 304 3190 'Iustkm
315 3131 470 3194 procerum
497 3115 601 3178 tentos
622 3116 720 3199 conje-
779 3116 853 3182 adit.
880 3142 929 3205 pr.
951 3118 1105 3206 frequenti
1133 3117 1332 3182 obserationis
1356 3137 1407 3204 ge·

87 3210 325 3296 umbertus
336 3213 721 3300 *quidemcoutentiomeri
778 3245 852 3288 nere
870 3225 981 3309 legitur
998 3231 1071 3288 Hoec
1089 3227 1215 3326 candore
1234 3235 1292 3294 etc
1332 3225 1407 3288 Sen-

89 3325 208 3397 comm,
221 3317 346 3382 islandis
367 3324 560 3408 martJirsnadr
575 3324 667 3404 dicta,
688 3327 720 3390 in
778 3351 828 3392 sus
845 3342 907 3392 est:
928 3335 1049 3392 lllorum
1070 3349 1192 3393 severus
1212 3329 1326 3393 arbiter
1345 3351 1407 3393 non

87 3429 195 3486 mores
217 3425 360 3510 antiquos
383 3425 461 3489 bene
486 3428 623 3513 quadrat.
684 3435 720 3494 ln
779 3435 820 3498 ob
843 3436 1006 3500 candorem
1036 3435 1106 3498 beat
1125 3431 1321 3518 (μακαρίζει,
1345 3437 1408 3499 lau·

87 3527 231 3593 historiis
264 3529 453 3595 blandorum
486 3533 546 3596 lide
577 3534 724 3621 digniori·
780 3537 875 3606 dates
891 3541 1019 3626 probat)
1038 3552 1181 3618 mentem,
1199 3540 1253 3603 sed
1267 3539 1309 3604 ob
1324 3559 1409 3606 meo-

88 3633 152 3698 bus
182 3636 272 3720 plura
299 3637 444 3702 habemus
476 3643 613 3726 crempla
639 3643 721 3707 inter
780 3660 844 3710 tem
871 3645 1127 3731 bonam-prohat
1154 3647 1290 3710 colorem
1316 3645 1410 3726 (laci-

87 3728 236 3806 convivia
252 3743 322 3808 talis
338 3743 474 3809 virorum
493 3743 621 3810 fortium
638 3767 721 3813 com·
781 3771 840 3832 cm,
862 3753 1078 3839 qualiscunque
1094 3763 1150 3831 est,
1171 3751 1331 3837 pulchram
1352 3773 1410 3838 pu·

89 3849 264 3932 pantioms
293 3852 441 3936 temporis
470 3850 598 3916 fallendi
632 3873 722 3919 causa
783 3871 846 3940 tat,
876 3859 949 3922 dum
975 3859 1091 3922 suimus
1118 3857 1209 3922 fortis
1237 3870 1269 3921 ct
1293 3859 1410 3943 probos

87 3953 261 4036 marte,
283 3955 365 4020 unde
395 3958 506 4022 iterum
535 3981 593 4045 pro
619 3961 721 4026 vivida
783 3965 847 4046 sit.)
898 3967 1058 4030 Contraria
1098 3977 1170 4029 sunt
1194 3987 1253 4026 reon
1283 3965 1411 4028 candore

88 4060 207 4144 glorias
232 4060 416 4146 cupiditate,
443 4070 511 4152 quae
542 4068 722 4131 Borealibus
784 4089 919 4146 mentem,
946 4075 1000 4136 sed
1025 4089 1117 4136 mente
1151 4074 1282 4134 colorem.
1337 4069 1411 4131 'Ste-

87 4165 184 4230 insita
199 4179 275 4245 erat,
288 4167 466 4250 simultates,
481 4173 556 4256 quin
571 4172 647 4238 adeo
667 4193 724 4238 cae-
783 4178 913 4262 phanius
927 4199 1035 4261 parum
1046 4173 1177 4240 feliciter
1184 4176 1322 4260 scripsit:
1337 4177 1411 4238 Hcec

87 4271 147 4336 des
161 4272 273 4357 saepius
293 4287 407 4338 exortae
420 4287 500 4340 suut.
544 4274 654 4354 (Multa
667 4279 724 4342 lua-
783 4281 899 4361 (forma
923 4283 987 4346 sive
1020 4277 1150 4366 species)
1185 4282 1312 4343 caradore
1346 4281 1412 4344 leat

87 4379 141 4465 jus
156 4377 202 4441 rei
225 4381 362 4466 exempla
381 4381 510 4459 collecta
531 4381 593 4446 aid.
612 4383 647 4485 in
667 4405 723 4449 no·
784 4405 908 4450 mentum
939 4385 1063 4466 (faciem
1101 4397 1221 4450 tautum
1255 4397 1411 4449 externam

87 4490 158 4551 tuln
187 4485 225 4550 ed
249 4485 407 4554 historiam
429 4487 581 4574 Guulaugi
605 4493 725 4558 Verani·
784 4506 942 4556 venustate
964 4493 1094 4578 quadam
1115 4503 1252 4570 exornat,
1271 4489 1326 4554 sed
1347 4513 1413 4556 mo

89 4594 209 4680 lingvis
222 4591 268 4656 ed.
282 4593 314 4656 in
327 4583 350 4654 4
362 4617 392 4678 p.
409 4591 473 4667 71.)
783 4620 853 4662 rom
870 4605 993 4662 severus
1022 4599 1138 4663 arbiter
1164 4599 1299 4663 colorem
1309 4610 1333 4680 ,¹
1348 4597 1411 4664 tora

346 4701 350 4709 ’
784 4727 844 4768 mae
868 4706 1082 4784 luculentiam,
1109 4704 1243 4770 illustrat
1273 4707 1353 4770 virili
1380 4720 1412 4771 ct

140 4809 237 4870 ²Nec
271 4806 398 4870 candore
428 4811 493 4873 beat
519 4809 662 4892 ¹tttcrttem]
691 4813 725 4872 ln
788 4808 864 4877 lorti
885 4807 1109 4896 animal-(Q
1147 4893 1148 4896 Ἴ

1121 4917 1220 5016 tar)
