3458 5454
374 319 448 396 soe
701 317 878 390 aaron
895 319 1000 392 osu.
1015 319 1151 392 ensa
1168 319 1240 394 tu.
1380 271 1385 284 ’

324 545 473 618 cuntot,
496 531 684 628 proposito
708 525 892 627 paulisper
913 536 1050 622 attinet,
1074 557 1159 630 quaa
1179 530 1225 604 de
1242 534 1323 630 ejus
1346 532 1523 631 operibus
1548 559 1624 608 rne-

324 655 445 728 moriae
459 668 542 726 sunt
554 646 708 748 prodita,
722 673 913 724 recensere.
972 655 1082 754 lgitur
1103 653 1181 745 Olo,
1204 657 1343 728 aeuum
1356 662 1469 730 mtatis
1482 656 1623 731 lustrum

324 773 425 874 apud
445 789 583 872 patrem
608 796 793 862 emensus,
826 792 1001 871 quantum
1027 779 1134 848 animi
1156 785 1393 878 corporisque
1406 777 1559 853 dotibus
1568 785 1624 851 in·
1648 827 1649 830 =

206 985 211 990 ·
325 899 498 988 claruerit,
514 894 727 970 incredibile
745 895 908 970 reddidit.
968 903 1141 972 Praeterea
1164 899 1258 975 adeo
1284 908 1363 975 visu
1388 899 1520 975 efferus
1548 918 1624 990 erat,

327 1039 376 1113 ut,
389 1017 491 1118 quod
513 1015 569 1088 alii
585 1021 711 1108 armis,
733 1019 813 1116 ipse
829 1015 939 1094 oculis
963 1024 997 1092 in
1020 1021 1159 1096 hostem
1175 1040 1315 1121 ageret,
1340 1049 1382 1096 ac
1402 1023 1623 1098 fortissimum

324 1169 508 1246 quemque
526 1141 688 1218 vibrante
704 1139 879 1212 luminum
896 1146 1037 1216 acritate
1054 1159 1210 1218 terreret.
1279 1149 1347 1218 Cui
1362 1171 1480 1245 quum
1500 1153 1623 1219 nuncio

324 1267 482 1341 delatum
506 1280 610 1355 esset,
625 1267 852 1356 Gunnonem,
870 1265 1152 1340 Tbelemarehiae
1170 1267 1336 1361 ducem²‚
1353 1294 1438 1342 cum
1454 1268 1529 1342 lilio
1544 1271 1624 1341 Gri-

324 1415 431 1464 moue
446 1413 573 1463 nemus
589 1384 833 1486 Ethascoug2,
849 1389 948 1488 quod
966 1407 1001 1463 et
1028 1389 1214 1466 fruticibus
1237 1392 1467 1491 praedensum
1491 1409 1527 1464 et
1549 1391 1622 1465 ral-

323 1515 420 1588 libus
436 1537 547 1612 quam
561 1514 713 1582 maxime
737 1535 895 1607 opacum
916 1529 1009 1605 erat,
1031 1539 1097 1612 per
1120 1513 1341 1588 latrocinium
1366 1513 1544 1604 obsidere,
1569 1513 1620 1584 fa-

298 1638 454 1740 cinoris
476 1632 715 1732 indignatione
746 1651 947 1714 commotus
982 1663 1065 1709 cum
1089 1663 1175 1710 eune
1204 1655 1240 1710 et
1264 1657 1361 1736 equo
1383 1637 1579 1737 parabilem
1601 1661 1619 1707 a

323 1778 424 1860 patre
439 1771 653 1830 armaturam
669 1751 842 1852 deposcit,
859 1759 1043 1855 juventam
1061 1757 1247 1850 damnans,
1270 1783 1354 1858 quae
1374 1759 1537 1834 debitum
1551 1762 1618 1834 rir-

324 1884 391 1957 tuti
408 1897 549 1976 tempus
571 1880 693 1950 inertia
718 1874 830 1950 dilabi
846 1897 1033 1975 pateretur.
1094 1881 1236 1974 Quibus
1261 1883 1471 1980 impetratis,
1492 1883 1618 1982 pradi-

325 2023 420 2080 ctam
445 2001 585 2102 sylvam
616 2000 808 2074 arctissime
835 2002 1059 2100 speculatus,
1088 2003 1247 2078 bominis
1271 2005 1412 2104 vestigia
1431 2006 1505 2078 nivi
1528 2004 1617 2079 altius

323 2132 499 2227 impressa
515 2128 708 2223 cognoscit.
752 2126 896 2223 Quippe
910 2124 1056 2236 latrqnis
1070 2130 1244 2200 incessum
1258 2131 1387 2224 pruina
1403 2151 1529 2224 gressu
1544 2129 1615 2201 vio-

323 2252 395 2326 lata
409 2245 625 2348 prodiderut.
684 2250 765 2339 Qua
787 2245 881 2320 duce
903 2273 1010 2341 usus,
1025 2266 1202 2350 ,superato
1226 2250 1354 2322 montis
1376 2245 1481 2340 clivo,
1497 2251 1614 2348 praeci·

323 2398 407 2474 puts
421 2368 626 2472 granditatis
640 2395 779 2444 amnem
800 2368 955 2444 offendit.
1021 2375 1103 2464 Quo
1127 2373 1309 2470 pristinam
1330 2367 1475 2444 humani
1495 2376 1613 2473 vestigii

323 2500 479 2596 speciem
497 2495 688 2584 auferente,
704 2497 853 2593 trajectu
866 2493 1041 2598 utendum
1057 2496 1244 2570 constituit.
1281 2496 1415 2569 Verum
1433 2500 1611 2594 ipsaeque

323 2617 446 2712 moles,
459 2619 638 2715 rapidiore
653 2617 760 2715 lapsu
773 2618 975 2714 praecipites
989 2641 1099 2718 agens
1124 2617 1250 2712 undas,
1279 2616 1482 2691 difficultate
1496 2620 1610 2692 transi-

321 2765 401 2822 tum
413 2769 545 2846 negare
560 2741 758 2818 videbatur.
808 2737 990 2835 Siquidem
1006 2740 1157 2814 occultis
1173 2741 1336 2817 cautibus
1358 2741 1524 2840 frequens
1539 2765 1610 2812 om-

323 2895 406 2944 nem
429 2869 523 2942 alvei
539 2881 689 2939 tractum
718 2885 871 2959 spumeo
893 2861 1054 2958 quodam
1077 2861 1260 2936 volumine
1284 2863 1501 2936 turbidabat.
1552 2861 1610 2935 Sed

323 2993 503 3066 exanimo
527 2987 652 3060 Olonis
681 2982 832 3085 periculi
854 3000 989 3058 metum
1013 2985 1242 3060 festinationis
1262 2985 1395 3084 cupido
1417 2985 1609 3062 detraxerat

251 3087 268 3174 ψ’
321 3119 442 3215 Igitur,
456 3111 522 3186 ubi
538 3109 695 3184 domitus
711 3113 835 3180 virtute
848 3111 955 3183 timor
969 3125 1259 3210 contemtumque
1271 3109 1462 3184 temeritate
1481 3113 1612 3210 perieu-

321 3235 409 3330 lum,
431 3233 530 3327 nihil,
544 3231 647 3331 quod
659 3231 776 3303 animo
794 3229 933 3308 libitum
949 3232 1051 3324 foret,
1073 3249 1156 3306 actu
1173 3231 1314 3307 difficile
1327 3249 1436 3325 ratus,
1460 3231 1611 3304 stridulos

322 3383 418 3458 equo
441 3360 594 3430 vortices
616 3356 805 3458 superavit
863 3359 963 3449 Quos
988 3383 1153 3432 emensus
1174 3363 1211 3430 in
1231 3359 1413 3455 angustias
1434 3353 1612 3454 paludibus

321 3479 587 3580 undiquesecus
618 3479 768 3555 ambitas
801 3479 938 3574 incidit,
988 3506 1143 3580 quarum
1159 3484 1293 3552 interna
1308 3477 1414 3554 facile,
1431 3485 1505 3576 peti
1526 3504 1610 3578 pra·

319 3605 402 3703 jecti
416 3604 552 3703 aggeris
567 3602 793 3677 obstaculum
815 3628 888 3677 non
905 3603 1054 3680 sinebat.
1117 3605 1230 3675 Trans
1252 3626 1363 3700 quem
1382 3598 1501 3674 levato
1520 3625 1612 3702 equo,

320 3726 491 3822 frequens
523 3725 672 3800 stabulis
693 3725 912 3824 repagulum
934 3726 1186 3801 animadvertit.
1244 3721 1346 3797 Unde
1365 3739 1490 3824 egesto
1505 3749 1611 3828 equo-

229 3939 232 3956 λ
321 3875 401 3922 rum
418 3871 537 3948 grege,
571 3871 677 3920 suum
703 3848 872 3923 inducere
886 3853 1052 3950 cupiens,
1074 3874 1096 3922 a
1116 3847 1264 3920 Tolrone
1282 3846 1462 3944 quodam,
1490 3845 1610 3942 (sertus

319 3969 380 4045 bic
399 3971 583 4044 Gunnonis
600 3971 697 4067 erat)
714 3970 805 4045 adeo
824 3970 999 4046 advenam
1023 3971 1227 4047 insolevisse
1242 3966 1403 4063 dolente,
1424 3970 1609 4041 aerinsim-

320 4099 466 4192 petitus,
489 4111 759 4194 oppugnantem
781 4093 860 4169 solo
887 4095 1003 4194 clypei
1033 4092 1271 4169 frustrabatur
1295 4091 1453 4192 objectu.
1510 4091 1609 4184 Quem

319 4215 417 4290 ferro
441 4219 646 4317 opprimere
666 4218 829 4292 deforme
851 4220 1065 4311 existimans,
1098 4213 1365 4318 apprehensum
1387 4217 1609 4314 artuatimque

366 4475 570 4547 'Gunnonem
593 4477 811 4539 Tletemarrlioe
832 4473 945 4556 ducem]
1043 4470 1443 4557 ²Etlascoug]lntelligitur
1456 4469 1607 4554 Eytlultog,

320 4575 411 4638 Haud
422 4576 514 4640 dubie
525 4578 578 4642 ille
592 4581 711 4644 Gunno
720 4581 753 4644 in
773 4582 948 4646 narratione
998 4581 1073 4644 silva
1101 4581 1134 4642 in
1159 4577 1310 4661 Norregia
1339 4576 1421 4639 inter
1450 4579 1561 4644 Sollier
1583 4583 1608 4634 et

320 4678 419 4744 dictus
426 4679 486 4745 fuit
494 4677 877 4768 Hersr'rebeelemarlia3
890 4687 947 4772 igi-
999 4688 1233 4769 Reumariltiam,
1246 4705 1345 4774 prope
1352 4686 1426 4750 lines
1438 4685 1546 4750 Sreeia
1560 4679 1605 4742 sita

319 4797 371 4850 tur
385 4787 465 4864 ultr,
486 4791 539 4872 qai
551 4809 588 4854 ex
602 4792 760 4876 provincia
774 4815 827 4856 aua
840 4791 949 4879 pro'lu·
1000 4791 1075 4872 (rid.
1102 4795 1280 4881 Scblinning
1307 4797 1425 4878 Norges
1451 4781 1602 4856 Hittotitl

320 4913 376 4977 gns
397 4911 430 4956 ae
452 4893 618 4960 latrociniis
636 4897 773 4962 dederat.
1000 4903 1039 4963 Β.
1060 4903 1091 4964 8.
1112 4897 1197 4981 386.)
1570 4889 1574 4897 ’
