3548 5470
743 343 942 416 attonito.
1401 349 1450 422 65

182 579 299 656 qrum
320 555 427 628 tacite
448 552 563 652 disjici
579 555 694 652 jussit.
739 555 856 646 Quem
872 553 997 630 dolum
1020 556 1151 630 crebro
1167 553 1302 656 cespite
1318 557 1423 634 tosus
1441 585 1501 636 su·

180 675 376 776 peraddito
390 674 648 750 occultandum
663 679 838 765 curario,
853 681 1035 751 incautum
1050 677 1191 753 bostem
1201 682 1403 779 praecipitio
1418 707 1503 756 con·

180 815 417 898 sumpturus,
436 798 672 897 futurumque
688 815 801 890 ratus,
820 818 862 874 ut
877 803 1022 902 ignaros
1041 798 1233 876 desidentis
1245 802 1364 903 glebae
1377 801 1504 904 lapsus

180 921 368 996 obmeret.
433 925 519 994 Post
539 918 620 993 hacc
648 921 816 997 simulato
846 937 947 996 metu
971 940 1088 998 castra
1119 924 1306 1024 paulisper
1338 923 1504 1001 descrere

121 1044 155 1089 ·'
180 1045 310 1142 coepit.
381 1041 522 1136 Quibus
537 1047 761 1118 imminentes
777 1043 981 1144 oppidanos
995 1051 1206 1146 passimque
1222 1047 1330 1124 elusis
1345 1054 1504 1152 vestigiis

179 1169 225 1239 in
239 1163 364 1240 foveas
379 1163 593 1264 provolutos
620 1171 766 1266 ingestis
782 1166 942 1264 desuper
955 1165 1083 1268 jaculis
1096 1168 1299 1247 trucidavit
1328 1161 1337 1170 ’
1406 1189 1409 1196 ·

318 1286 406 1360 lnde
419 1285 606 1386 profectus
627 1289 664 1360 in
680 1288 909 1363 Trannonem
924 1293 1074 1366 Rutcnae
1097 1294 1213 1392 gentis
1238 1306 1432 1391 tyrannum
1448 1297 1503 1370 in-

179 1409 290 1506 cidit;
323 1411 430 1509 cujus
446 1412 640 1485 maritimas
656 1412 781 1510 copias
796 1412 1058 1511 speculaturus,
1082 1413 1232 1490 crebros
1247 1414 1371 1490 clavos
1388 1441 1432 1490 ex
1445 1415 1505 1491 fu·

146 1551 164 1574 ·
179 1533 304 1608 stibus
335 1547 434 1605 creat
471 1531 672 1631 iisdemque
691 1533 863 1608 carabum
892 1541 1051 1610 onerat².
1114 1539 1196 1630 Quo
1211 1535 1378 1612 hostilem
1393 1553 1504 1612 noctu

179 1654 339 1730 classem
353 1654 512 1748 subiens,
544 1659 634 1730 imas
654 1661 881 1756 navigiorum
894 1673 1016 1756 partes
1033 1658 1178 1733 terebro
1193 1661 1362 1734 sauciati.
1413 1661 1503 1754 Quae

178 1803 234 1851 ne
256 1782 484 1876 repentinum
508 1776 688 1852 undarum
714 1795 924 1877 paterentur
946 1785 1149 1874 incursum,
1183 1786 1340 1881 patentia
1355 1781 1505 1857 forami·

125 1993 135 2006 ·
178 1923 278 1972 num
291 1897 373 1973 loca
387 1901 542 1998 provisis
561 1915 664 1973 autea
679 1898 789 1975 clavis
809 1900 975 1994 obstruit,
992 1901 1199 2004 terebriquc
1214 1902 1386 1978 damnum
1404 1907 1506 2006 stipi-

179 2020 430 2120 tibuspensat
482 2024 528 2095 At
545 2021 613 2094 ubi
628 2021 846 2100 foraminum
863 2028 1005 2122 copiam
1023 2025 1229 2126 mergendae
1247 2027 1350 2106 classi
1367 2029 1506 2103 suffice·

180 2167 231 2216 rc
244 2139 406 2234 credidit,
439 2141 596 2243 demptis
624 2143 821 2220 obstaculis
853 2163 1063 2246 promptum
1085 2151 1189 2249 aquis
1211 2149 1348 2224 aditum
1367 2150 1506 2251 patesc-

183 2265 249 2358 cit,
276 2263 517 2366 hostilemque
546 2265 698 2341 classem
720 2291 786 2342 sua
816 2268 1104 2344 circumfundere
1119 2277 1337 2371 properavit.
1401 2275 1506 2368 Anci·

182 2389 256 2488 piti
279 2388 443 2488 periculo
466 2391 701 2464 circumventi
728 2393 881 2482 Ruteni,
914 2395 1023 2466 armis
1046 2395 1147 2490 prius
1169 2419 1216 2468 an
1236 2392 1345 2468 undis
1367 2399 1506 2469 resiste·

183 2527 290 2602 rent,
314 2511 536 2588 haesitabant
592 2511 788 2612 Nauiiagio
813 2525 984 2610 pereunt,
1010 2511 1098 2586 dum
1122 2521 1305 2616 navigium
1329 2515 1378 2590 ab
1401 2514 1506 2592 bostc

182 2631 372 2710 vindicare
384 2634 615 2710 contendunt.
666 2637 849 2708 Internum
863 2633 1056 2710 discrimen
1072 2653 1218 2712 externo
1236 2644 1393 2714 atrocius
1412 2653 1506 2731 erat,

184 2755 280 2830 dum
294 2756 383 2832 foris
406 2757 544 2832 ferrum
560 2763 749 2858 stringtmt,
773 2758 868 2833 intus
891 2756 1060 2832 fluctibus
1086 2758 1229 2833 cedunt
1288 2762 1376 2832 Bina
1399 2757 1507 2834 simul

183 2881 230 2951 in
248 2884 399 2954 miseros
414 2879 577 2980 pericula
591 2881 857 2982 grassabannsr.
908 2883 1088 2954 Incertum
1106 2897 1193 2971 crat,
1213 2879 1366 2956 celerius
1384 2879 1507 2956 nando

185 3001 290 3076 salus
313 3027 360 3076 an
382 3002 587 3077 dimicando
610 3019 804 3103 peteretur.
864 3001 1024 3076 Medium
1047 3029 1181 3104 pugnae
1206 3019 1389 3078 certamen
1411 3028 1509 3082 nova

185 3123 256 3198 l'ati
287 3123 429 3200 diremit
454 3129 608 3201 occasio.
675 3128 835 3198 Geminae
858 3142 993 3201 mortes
1014 3151 1088 3199 uno
1113 3125 1324 3201 serebantur
1345 3129 1508 3224 incessu3

183 3243 277 3320 duae
309 3245 378 3324 leti
402 3253 469 3323 viae
501 3251 640 3324 socium
665 3273 773 3348 egere
795 3245 1009 3350 periculum.
1071 3247 1291 3348 Ambiguum
1317 3266 1412 3340 erat,
1438 3245 1509 3323 ler-

184 3395 276 3442 rum
304 3371 419 3472 magis
442 3394 489 3444 an
511 3371 644 3446 fretum
666 3369 835 3446 officeret
900 3366 1050 3446 Gladios
1071 3369 1347 3472 propulsantem
1380 3371 1509 3448 tacitus
1609 3421 1611 3424 .

238 3635 355 3721 'Qum
377 3637 475 3702 dolon
493 3632 592 3702 crebro
607 3641 714 3725 cespite
720 3637 819 3724 fossis
877 3653 974 3701 cutem
993 3661 1031 3702 cc
1051 3641 1156 3702 miscite
1172 3654 1203 3703 st
1223 3644 1312 3703 eoric.
1359 3637 1455 3702 Plane
1471 3635 1509 3702 dc

183 3743 383 3828 superaddam
402 3745 604 3808 occultandum
618 3738 747 3824 curauit]
770 3745 819 3806 Do
877 3741 936 3806 bec
969 3759 1046 3806 vote
1061 3743 1095 3804 in
1118 3740 1201 3805 notis
1221 3743 1382 3830 stephanii
1398 3744 1449 3808 nb.
1470 3743 1510 3808 ad

184 3847 291 3912 laotos
305 3859 521 3934 strategemate
534 3847 595 3914 vid.
609 3860 674 3911 not.
687 3847 739 3910 ub.
878 3851 947 3914 Sex.
965 3859 998 3910 et
1016 3847 1049 3910 in
1076 3846 1224 3934 glossario
1242 3853 1295 3914 Du
1318 3849 1426 3934 Gsngii
1447 3867 1510 3913 mc

238 3953 408 4018 'Catulum
427 3953 544 4036 onerat]
571 3951 761 4019 Esdsmrox
775 3953 821 4016 in·
881 3952 940 4018 din
960 3952 1127 4018 latinitatis.
1189 3957 1259 4024 Vox
1278 3955 1446 4042 respondet
1469 3959 1511 4018 ls-

185 4056 529 4130 frossoffoetlib.Vlt
549 4065 750 4128 Percurremus
768 4083 822 4122 un·
883 4059 1045 4124 lendorom
1068 4062 1163 4145 kam,
1192 4060 1457 4133 sustentasti,
1478 4071 1510 4122 et

186 4168 252 4230 dm
269 4169 458 4230 Permisere
484 4169 575 4228 mors's
602 4167 717 4229 emata
766 4165 824 4230 Co·
884 4166 1034 4252 oliginosis
1050 4163 1136 4229 dedit
1151 4155 1258 4230 Italico
1271 4169 1426 4231 sarowlla.

185 4270 401 4352 rabulincer,
416 4270 563 4338 nticula·
590 4269 722 4335 Isidorus
736 4271 823 4354 orig
929 4275 1033 4336 'Imus
1059 4277 1243 4356 navigios-sors
1266 4287 1372 4360 partes
1401 4271 1510 4334 emim

185 4375 248 4442 lib.
263 4379 351 4445 xva
366 4397 431 4462 cap.
450 4373 487 4440 12
507 4378 640 4462 &robus
647 4401 747 4466 parca
760 4401 825 4440 sca·
886 4377 1014 4459 saucmt]
1039 4361 1155 4443 Similia
1171 4377 1210 4440 de
1225 4373 1370 4460 Bsdiugo
1382 4375 1446 4460 jam
1458 4375 1513 4440 be·

146 4503 152 4514 ·
182 4486 254 4574 plac
288 4509 325 4546 es
347 4489 452 4564 υὺηἰιςο
471 4483 577 4569 facto,
603 4505 666 4568 qooe
690 4499 827 4546 contecta
887 4485 1005 4546 bnimtts
1026 4484 1079 4546 lib.
1098 4487 1112 4545 l
1130 4505 1161 4568 p.
1178 4481 1230 4547 56.
1283 4485 1353 4547 Hoc
1374 4483 1443 4545 loco
1464 4501 1513 4546 tu

186 4591 288 4656 crudo
301 4595 381 4653 corio
394 4613 488 4674 genus
504 4593 619 4674 magii
628 4591 748 4678 prebet.
770 4591 829 4651 Ps-
889 4589 988 4653 adbuc
1006 4590 1040 4650 in
1060 4588 1157 4671 majus
1174 4601 1318 4673 augetur,
1348 4588 1421 4652 dom
1436 4593 1514 4654 Fro-

187 4697 264 4784 pics
289 4695 505 4760 Vosebnlists:
538 4699 673 4761 casatus
694 4697 829 4759 macuta
891 4696 948 4758 tbo
970 4696 1088 4780 singola
1102 4697 1222 4782 navigia
1248 4699 1297 4762 bis
1317 4693 1425 4762 adiisse
1452 4693 1514 4758 fer·

190 4803 365 4868 Querens
386 4808 417 4866 in
435 4805 521 4866 Pado
536 4805 627 4867 idest
644 4806 740 4866 hister.
780 4804 833 4864 Est
897 4815 957 4864 tur.
1622 4815 1623 4820 ’

255 4928 317 4975 Suc
332 4927 457 4976 Granum.
472 4926 530 4972 Eiet.
547 4926 606 4972 nun.
1273 4911 1323 5006 (5)
