3458 5454
477 331 681 425 ennom
702 329 1077 416 conannaronus.
1309 335 1382 404 aas

121 536 284 628 dicebat,
309 561 355 610 ue
377 555 439 610 aut
472 563 634 638 pugnam
655 538 888 614 detrectando
908 543 1059 642 ignavum
1091 561 1153 614 aut
1185 543 1432 616 committendo

117 659 288 736 scelestus
306 663 494 736 existimari
515 679 649 760 posset.
710 661 859 738 Talibus
881 671 1114 740 excusationis
1140 665 1260 740 verbis
1283 667 1432 737 intentus

117 787 340 884 extinguitur.
406 783 477 858 Sed
501 784 601 886 apud
622 789 743 860 Dauos
768 784 972 862 Haldauum
993 789 1042 862 ab
1064 788 1246 888 Hiltligero
1268 803 1430 885 prostra-

116 921 193 977 tum
211 931 337 979 rumor
350 906 516 982 ediderat.
568 913 652 982 Post
667 906 746 980 baec
762 909 925 1001 Guritha,
951 937 1035 1010 quae
1059 913 1146 1010 regii
1162 911 1343 1010 sanguinus
1364 933 1432 982 so-

115 1027 150 1098 la
165 1026 266 1126 apud
283 1031 406 1104 Danos
423 1047 620 1128 supererat,
646 1055 759 1126 quum
786 1037 958 1126 aSivaro,
978 1039 1158 1108 Saxonicoe
1181 1035 1295 1132 gentis
1319 1033 1431 1106 nobi-a

114 1149 269 1250 lissimo„
283 1151 456 1249 postulari
481 1156 670 1251 coepisset,
701 1152 920 1254 latenterque
945 1163 976 1230 ei
1011 1155 1212 1231 Haldanum
1238 1151 1431 1252 praeferret,

114 1271 349 1346 conditionem
365 1299 478 1374 proco
493 1275 618 1366 intulit,
627 1301 673 1348 ne
691 1300 797 1350 suum
814 1283 916 1375 prius
930 1277 1150 1352 connubium
1166 1291 1311 1376 peteret,
1321 1299 1430 1372 quarn

113 1401 301 1468 Danorum
317 1421 465 1495 regnum
480 1399 706 1472 membratim
724 1397 877 1474 divisum
898 1405 934 1474 in
958 1428 1068 1476 noum
1093 1423 1225 1498 eorpus
1239 1397 1430 1496 redigeret,

111 1517 303 1616 idquejstbi
320 1520 569 1618 perinjurium
590 1536 751 1620 ereptum
766 1527 874 1596 armis
894 1526 1107 1598 restituisset
1175 1520 1284 1613 Quod
1299 1521 1428 1592 frustra

111 1657 264 1714 tentante
278 1643 413 1733 Sivaro,
428 1642 597 1716 omuibus
615 1643 758 1717 arbitris
780 1646 933 1742 pecnnia
958 1645 1006 1718 ab
1023 1652 1103 1744 ipso
1118 1646 1314 1740 corruptis,
1343 1657 1428 1713 tan-

110 1764 197 1838 dem
211 1765 245 1836 ei
261 1761 516 1861 despondeoda
532 1763 750 1840 conceditur.
804 1765 913 1857 Quod
935 1766 1119 1842 Haldanus
1142 1764 1243 1864 apud
1266 1766 1426 1838 Russiam
1462 1773 1467 1796 ⁸

112 1911 180 1985 per
203 1887 439 1984 negotiatores
461 1903 650 1986 expertus,
689 1904 788 1962 tanto
811 1887 931 1963 studio
959 1889 1170 1988 navigationi
1195 1888 1366 1978 incubuit,
1393 1904 1427 1959 ut

111 2011 316 2106 nuptiarum
333 2023 477 2106 tempus
491 2007 648 2084 adventu
665 2027 909 2110 praecurreret.
947 2017 950 2026 “
972 2015 1135 2104 Quarum
1149 2012 1263 2108 prima
1289 2009 1345 2080 die
1363 2033 1426 2080 rc-

108 2134 204 2230 giam
222 2129 395 2226 petiturus
411 2131 592 2230 praecepit,
617 2157 664 2206 ne
690 2134 838 2206 comites
855 2138 957 2230 prius
979 2159 1000 2206 a
1026 2116 1222 2238 constitutis
1247 2131 1316 2206 sibi
1340 2157 1425 2204 mo-

110 2269 278 2328 verentur
292 2250 469 2342 excubiis,
492 2277 604 2351 quam
620 2254 705 2328 ferri
735 2253 923 2330 stridorem
939 2256 1076 2330 eminus
1096 2282 1182 2330 aure
1197 2255 1427 2352 perciperent.

109 2380 278 2474 Cumque
299 2376 459 2450 convivis
481 2401 611 2474 parurn
632 2381 796 2475 cognitus
821 2377 944 2450 coram
969 2381 1105 2476 virgine
1131 2379 1353 2466 constitisset,
1380 2403 1425 2448 ue

108 2498 268 2598 vulgaris
282 2497 414 2596 eloquii
434 2496 592 2572 nuditate
605 2499 774 2596 pluribus
792 2497 965 2572 intellecta
988 2497 1234 2596 depromeret,
1264 2501 1300 2568 in
1328 2497 1424 2570 hunc
1448 2577 1453 2590 ,

108 2619 259 2694 modum
277 2619 443 2694 abstrusa
457 2643 600 2694 carmen
617 2622 770 2724 ambage
785 2624 985 2721 compegit:

157 2741 442 2844 Petrissceptro
458 2742 663 2844 relinquens
846 2749 933 2818 Post
947 2762 1094 2846 septem,
1112 2743 1221 2816 simul
1233 2759 1327 2831 octe,

158 2863 416 2964 llilfigmenta
429 2865 584 2938 uerebar
848 2867 1017 2942 Urzdenos
1034 2867 1285 2968 quoquesolus

160 2988 360 3062 Comnacrtti
373 2986 554 3060 mittero
606 3045 611 3052 .
847 2991 971 3064 Victor
988 2995 1108 3062 Marte
1124 2989 1256 3090 subegi.

156 3109 514 3209 Asatasoenuiteiee,
846 3114 921 3186 Sed
929 3139 998 3188 nec
1012 3129 1096 3186 tnnc
1100 3109 1193 3212 sore
1209 3113 1317 3186 rebar

161 3239 280 3307 Unum
297 3232 448 3334 quande
460 3231 634 3334 meosque,
842 3237 1064 3310 Probrilabe
1082 3235 1282 3324 notatadus,

164 3363 251 3430 Tres
268 3381 316 3429 ac
327 3370 499 3458 quotuor,
514 3370 549 3427 et
562 3383 649 3429 moa:
844 3363 1021 3433 Pronussi
1033 3359 1195 3447 leuitate,

160 3481 315 3581 (lanians,
332 3479 619 3582 ineloquentem,
841 3483 967 3556 Paetis
983 3481 1210 3584 illicibusque.

100 3755 195 3816 esset,
209 3758 241 3802 se
256 3739 410 3822 sanguinis
426 3737 656 3820 propinquitate
674 3737 732 3822 ipsi
797 3738 857 3802 Sed
872 3739 944 3802 ilum
961 3741 1035 3825 legit
1044 3767 1149 3827 procu,
1169 3741 1327 3803 nescivisse
1338 3741 1424 3800 ¹title·

99 3845 303 3928 conjunctum
321 3861 395 3908 etse.
445 3847 601 3906 Vinculum
614 3845 734 3928 frater·
795 3847 1069 3920 tut·,s·eleciiont·tn
1085 3861 1231 3922 mutasse3
1247 3843 1325 3904 batto
1341 3843 1422 3904 etaim

101 3979 173 4015 rrum
186 3949 261 4017 tliait
275 3973 333 4035 pro
350 3947 557 4033 germanitatis
578 3950 632 4010 illo
647 3968 735 4026 nexu,
794 3949 912 4013 addidit
920 3955 1068 4034 notulam,
1081 3957 1118 4017 ad
1127 3973 1231 4016 vocem
1248 3954 1345 4011 intubi
1359 3963 1422 4010 tan·

100 4079 168 4143 quo
198 4075 251 4120 eoa
282 4055 363 4120 inter
398 4075 429 4118 se
457 4053 596 4136 junxerat
627 4055 734 4138 stirpis
795 4055 953 4120 tumutittlo
969 4073 1176 4142 spectantema
1199 4061 1348 4142 Suspecta
1367 4055 1420 4114 mi-

78 4161 242 4246 ejuudem
256 4161 447 4238 communi03
467 4158 622 4242 quomodo
637 4164 733 4224 enula
790 4161 826 4252 'hi
848 4164 981 4246 primum
1011 4163 1071 4226 i'uit
1094 4163 1160 4226 haee
1183 4161 1293 4238 lectio,
1323 4160 1421 4222 denec

92 4271 221 4353 jugalia
230 4279 262 4332 et
275 4271 458 4330 contumelia
472 4263 555 4349 apud
572 4263 733 4348 Virgilium
794 4266 1065 4331 animadverterem
1103 4285 1259 4331 recurrere
1297 4264 1422 4328 eandem

99 4388 136 4438 et
148 4373 280 4440 Statium
298 4373 433 4459 legimus.
454 4371 505 4451 (S)
793 4371 955 4434 formulam
972 4371 1052 4436 inira
1070 4371 1122 4436 lib.
1136 4375 1188 4450 lli,
1205 4371 1258 4434 ubt
1276 4375 1354 4436 Saxo
1370 4393 1422 4456 pa·

151 4483 377 4544 'Conditiiuoem
387 4501 479 4566 proco
499 4473 611 4555 tntult't]
626 4475 732 4540 Editio
792 4478 842 4540 rili
872 4478 964 4542 mode
1000 4477 1149 4564 loquitur:
1185 4483 1225 4542 At
1258 4481 1419 4542 Ledeue-us

99 4588 248 4673 princeps
271 4584 364 4648 baltei
377 4609 434 4671 pre
450 4607 497 4655 eo,
516 4581 597 4665 quot]
623 4582 731 4645 vitiose
790 4609 899 4644 summo
911 4587 1125 4672 arnpltjicandcc
1146 4587 1295 4666 religionis
1315 4587 1421 4646 erilere

99 4695 152 4756 vel
169 4692 327 4756 alibrario
334 4693 484 4776 scriptum
498 4689 571 4750 vela
586 4700 729 4774 typogra-
791 4690 940 4773 constratus
956 4693 1147 4754 candilianum
1167 4691 1290 4752 barbaro
1311 4693 1419 4752 antidit.

99 4798 313 4885 phopositum
336 4810 391 4862 eat.
437 4793 620 4879 Stephanius
643 4796 730 4858 levis·
790 4797 894 4856 tarnat
917 4815 991 4880 ergo
1014 4817 1073 4881 pro
1094 4797 1211 4867 obtulit,
1234 4799 1338 4860 detulit
1363 4815 1416 4879 po·

98 4907 177 4970 aima
207 4905 376 4970 mutatione
413 4900 535 4968 lectioni
571 4902 729 4968 consuluit.
789 4899 890 4962 situm.
