3520 5462
716 347 881 416 ROLVO.
894 355 897 366 '

276 555 450 629 Bt'sseuos
467 555 546 652 regi
556 553 686 628 debebo
700 553 894 656 rependere
905 567 1045 650 gentes,

278 679 381 776 Quos
395 676 505 748 titulis
516 675 615 750 dedit
629 675 685 748 ille
697 678 792 750 meis,
844 675 1037 768 Attendite,
1052 675 1196 774 fortes!

275 805 390 872 Nemo
404 795 519 871 lorica
537 822 574 870 re
588 799 721 872 vestiat
734 797 917 871 eistere'tort'

277 921 460 1024 Corporis¹
468 949 484 1010 ‚·
500 935 694 994 eetrentum
702 917 930 1030 perstrzizgot
950 921 1068 994 nexile
1080 919 1248 1024 firruot²
1257 949 1270 1006 ,-

274 1049 319 1116 in
331 1059 469 1143 tergum
483 1043 635 1116 redeant
652 1043 780 1146 elapsi,-
795 1068 999 1145 pugnemus
1017 1043 1153 1146 apertis

274 1165 491 1254 Pectoribus,
521 1179 678 1265 totosque
694 1189 787 1236 ostro
803 1165 952 1238 densete
966 1165 1151 1240 lore1·tos³.

139 1423 171 1486 ni
195 1435 339 1495 extraneo
357 1437 389 1488 et
417 1425 450 1487 iu
479 1423 610 1488 obscuro
634 1405 767 1510 quodum

139 1541 233 1591 terrm
248 1529 360 1613 angulo
379 1541 462 1608 nato,
487 1531 678 1594 concesserit.
719 1535 767 1597 Ex

139 1633 234 1696 hacce
253 1632 344 1715 hujus
359 1633 418 1698 loci
432 1634 618 1699 obscuritate
641 1637 766 1700 conciu-

141 1737 195 1806 dat
222 1735 349 1822 uliquis,
378 1742 528 1806 Saxonum
555 1741 603 1808 his
636 1743 766 1806 versicu-

141 1844 180 1905 lis
215 1859 337 1904 carmen
362 1847 512 1910 Danicum
535 1852 666 1934 pressius
683 1873 766 1917 secu·

63 1979 71 1990 ·
140 1961 209 2012 tum
238 1945 339 2010 fuisse.
393 1949 548 2015 Firmutur
574 1955 642 2020 hue
669 1958 766 2043 hypo·

142 2052 237 2118 thesis
250 2051 439 2138 respiciendo
455 2053 493 2120 ud
507 2061 711 2126 narrationem
725 2067 767 2128 Is·

140 2157 303 2238 landinum,
319 2156 351 2220 iu
366 2181 425 2244 quo
438 2159 548 2228 Biarco
563 2163 644 2252 (cap.
659 2165 712 2252 5⁰)
729 2167 767 2233 ed

142 2265 239 2330 minas
255 2263 407 2329 Hialtouis
421 2265 488 2331 hec
504 2270 695 2354 respondisse
708 2271 769 2336 ier·

142 2384 210 2436 tur:
225 2373 374 2458 Nonopus
386 2389 443 2447 est,
456 2391 489 2436 ut
497 2400 540 2439 me
549 2395 672 2452 terreor,
681 2403 769 2466 nequa

142 2493 282 2542 tentetuo.
305 2481 509 2564 Aprt'rnuinde
518 2483 770 2568 juventutemque

143 2589 227 2670 speres
240 2605 327 2668 neque
342 2583 402 2646 trio
414 2585 542 2669 offagne
559 2589 667 2652 studui.
694 2593 769 2654 Moe

142 2690 300 2779 aperires
316 2711 359 2750 me
381 2695 499 2752 summis
512 2695 621 2757 uiribus
640 2697 769 2760 «incerto⁸

144 2815 243 2858 turum
258 2818 314 2882 pro
342 2816 426 2878 rege,
450 2799 500 2858 cui
511 2798 643 2883 plurimo
664 2801 769 2875 debeo,·

144 2903 194 2965 tte
210 2903 284 2963 enim
304 2901 376 2961 mett
392 2901 541 2964 duodecim
556 2904 674 2989 prodeo
693 2901 772 2982 (toli

141 3007 202 3090 bu)
224 3007 369 3090 multaque
393 3007 474 3070 dedit
498 3010 618 3070 cenete.
670 3014 769 3093 Agur-

144 3137 204 3176 rem
233 3113 329 3176 occt'di
347 3135 433 3197 eoque
454 3136 590 3197 manarum
612 3115 683 3176 mitt
705 3117 770 3179 lou·

143 3221 209 3283 dem
221 3221 340 3306 paravi.
396 3217 457 3282 Hic
473 3229 561 3281 autor
584 3217 719 3282 lelandus
735 3217 769 3280 ll·

141 3319 489 3408 nemimpcnitorationi
503 3321 636 3404 directae,
647 3323 770 3405 addam,

142 3431 327 3494 Biarconem
357 3426 466 3492 ddnde
488 3451 540 3494 sua
563 3427 657 3494 loreia
688 3427 769 3496 iectu

143 3552 342 3598 enumerasse.
388 3539 485 3598 Totus
509 3536 655 3600 orationis
673 3548 771 3619 tenor,

142 3639 284 3726 inprimis
300 3657 373 3704 tero
385 3642 500 3704 mentio
518 3639 678 3705 duodecim
692 3665 771 3728 prce·

143 3740 284 3826 diorum,
305 3765 374 3829 quae
399 3743 586 3832 respondent
612 3745 772 3811 duodecim

142 3849 287 3936 gentibus
310 3851 463 3913 eduxone
478 3854 669 3932 memoretis,
700 3855 771 3918 satis

143 3953 329 4034 suendum,
358 3969 389 4020 et
413 3969 602 4021 narratorem
624 3971 656 4022 et
679 3961 772 4022 Saxo-

142 4079 217 4126 nem
229 4061 279 4124 vel
296 4076 333 4122 cr
353 4059 460 4126 eodem
475 4065 524 4127 vel
544 4081 581 4127 ex
598 4063 689 4128 simili
704 4062 773 4128 ion·

142 4179 177 4231 te
191 4163 335 4230 hausisse.

192 4275 306 4336 'Nemo
327 4275 421 4338 lort'ca
445 4299 475 4338 se
495 4279 601 4340 vostrist
626 4281 777 4340 interituri

142 4370 290 4470 eorporis]
315 4379 427 4442 Sensus
457 4390 518 4443 est:
542 4400 632 4444 nemo
657 4401 773 4460 eorum,

142 4505 278 4570 quorum
303 4499 434 4569 corpora
464 4485 587 4570 jamjam
615 4487 774 4550 interitura

142 4595 229 4668 sunt,
256 4607 290 4651 sc
314 4589 422 4656 vestiat
442 4591 546 4654 lorice.
592 4595 637 4655 lta
659 4593 775 4674 Psyche

143 4691 261 4758 dicitur
278 4691 318 4757 ab
340 4695 474 4780 Apuleio
498 4697 633 4778 (Metam.
657 4695 709 4760 lib.
732 4699 776 4764 Ν

142 4825 177 4889 p.
192 4795 255 4864 136
267 4795 312 4864 eti.
334 4800 367 4864 in
382 4801 561 4890 uellelph.)
577 4827 656 4890 egro
673 4827 773 4890 corpo·

143 4913 204 4983 ris,
221 4911 436 4973 ouimisurcio.

875 1429 1065 1489 ¹Eetremum
1076 1427 1260 1512 perstringat
1282 1423 1373 1483 aretiis
1382 1419 1450 1504 ser·

828 1527 1299 1624 rum]Neriieserretrpestloricu
1315 1525 1451 1603 humum

824 1641 1022 1723 perstringere
1029 1647 1074 1699 eet
1082 1645 1299 1724 lotumtegelu,
1316 1643 1451 1696 coarctu-

827 1759 878 1818 re;
891 1757 1049 1804 extremum
1071 1751 1116 1804 est
1135 1739 1284 1818 ultimum,
1301 1737 1396 1802 veluti
1419 1736 1451 1800 iu

827 1846 1041 1911 acclamatione
1049 1865 1229 1932 puerorumt
1243 1861 1452 1909 extremumue-

826 1969 910 2040 cupet
919 1955 1036 2030 scabies,
1045 1949 1124 2038 apud
1137 1948 1361 2014 Horat-deeris
1369 1960 1453 2034 poet.

826 2079 855 2121 r.
877 2047 949 2122 tlt.
983 2059 1093 2122 Sensus
1108 2057 1203 2142 igitur
1222 2069 1282 2122 este
1304 2059 1392 2120 Nunc
1407 2055 1453 2118 lo·

828 2163 891 2227 rica
907 2161 998 2226 modo
1013 2183 1064 2226 eos
1079 2159 1176 2243 decet,
1193 2163 1245 2248 qui
1268 2161 1300 2222 iu
1322 2161 1386 2223 scie
1407 2161 1454 2224 ul·

829 2267 895 2332 timi
919 2288 982 2333 esee
1009 2269 1126 2332 volunt.
1194 2269 1229 2330 lu
1259 2263 1453 2354 sequentihus

828 2372 983 2436 versiculis
995 2369 1099 2436 eedem
1113 2369 1261 2436 sententia
1278 2367 1378 2435 adhuc
1393 2373 1453 2436 clu·

829 2479 892 2542 rius
909 2479 1096 2562 exprimitur.
1135 2481 1248 2542 Haeecc
1262 2498 1337 2542 vero
1350 2487 1454 2562 aperte

831 2595 1002 2669 repugnant
1016 2581 1062 2664 iis,
1084 2603 1152 2670 que
1166 2605 1264 2670 nuper
1279 2584 1389 2648 Biarcc
1407 2585 1455 2646 lo·

829 2687 1022 2752 cutusluemt
1032 2687 1070 2752 de
1084 2687 1344 2754 loricainduende.
1371 2691 1455 2784 Quo·

828 2793 920 2858 modo
937 2795 1017 2857 enim
1036 2793 1088 2857 ille
1112 2791 1220 2876 heros,
1240 2815 1309 2861 ctam
1323 2795 1388 2880 ipse
1402 2815 1456 2881 pe·

829 2913 895 2964 ctus
904 2898 988 2964 ierro
997 2911 1124 2984 tegeret,
1134 2901 1210 2964 alios
1220 2901 1404 2980 hortaretur,
1420 2913 1456 2963 ut

829 3006 941 3090 apertis
948 3017 1119 3092 pugnarent
1126 3005 1456 3090 pectoribuslliiucee-

829 3109 942 3194 quitur,
963 3109 1312 3198 nonadidemtemporis
1320 3131 1455 3175 momen·

829 3227 895 3279 tum
902 3216 1065 3300 pertinere,
1080 3237 1148 3301 quae
1163 3217 1371 3281 hieronimus
1386 3239 1454 3282 oru-

830 3319 923 3384 tionis
943 3320 1019 3384 serie
1035 3323 1192 3407 legentum
1223 3309 1456 3406 hujue'senten·

832 3429 884 3493 tiae
897 3431 986 3514 plura
1000 3442 1178 3515 argumente
1191 3451 1261 3492 mox
1275 3441 1363 3492 erunt
1377 3427 1457 3491 effe·
1514 3451 1517 3458 ’

829 3533 934 3598 reuda.
975 3539 1044 3597 Hoc
1061 3537 1130 3597 loco
1146 3534 1296 3599 monuisse
1311 3536 1382 3598 satie
1400 3547 1456 3614 est,

832 3658 868 3706 ex
886 3651 990 3704 nostra
1008 3641 1157 3704 sententia
1173 3639 1257 3726 prius
1280 3645 1402 3704 carmen
1422 3639 1457 3704 fi-

831 3743 891 3807 niri
904 3745 953 3808 vel
970 3745 1073 3832 potins
1091 3747 1229 3831 abrumpi
1246 3745 1345 3810 verbis
1360 3765 1455 3812 atten-

834 3853 1002 3937 ditescens,
1023 3873 1086 3936 quo
1107 3851 1200 3916 veluti
1209 3851 1333 3916 exordio
1347 3851 1457 3916 Biarco

834 3957 1090 4020 enumerationem
1134 3954 1305 4021 facinorum
1333 3979 1459 4021 sucrum

832 4059 1001 4146 auspicatus
1032 4076 1086 4126 est.
1140 4063 1297 4126 Posterius
1325 4079 1456 4142 carmen,

832 4165 915 4250 quod
923 4167 1051 4233 lectores
1064 4168 1145 4251 rapit
1159 4168 1191 4230 in
1206 4165 1317 4230 medias
1331 4187 1379 4229 res
1393 4168 1457 4233 sire

833 4270 865 4334 in
883 4271 983 4356 ipsum
1005 4272 1109 4356 proelii
1121 4273 1183 4356 jem
1204 4269 1269 4333 fere
1292 4269 1457 4357 depugnuti

833 4361 1007 4455 tuinultum,
1022 4375 1129 4462 incipit
1143 4399 1160 4438 a
1174 4375 1289 4441 verbis:
1309 4382 1400 4444 Nemo
1415 4383 1458 4444 Io·

837 4489 899 4546 rica
914 4509 944 4544 se
956 4490 1072 4546 tertiat·

881 4591 1054 4674 ’Totosque
1075 4613 1147 4651 auro
1174 4587 1291 4652 densete
1320 4587 1457 4673 lacertos]

833 4691 1017 4757 Ponderceis
1034 4692 1158 4757 armillis
1175 4694 1271 4759 aureis
1287 4693 1397 4780 cingite
1415 4697 1458 4759 lu-

835 4809 942 4862 certoe.
977 4801 1025 4863 De
1042 4821 1097 4864 usu
1112 4781 1298 4865 armillarum
1312 4801 1392 4892 apud
1406 4821 1457 4866 rc·

835 4915 918 4970 teres
932 4908 1077 4973 Boreeles
1090 4906 1150 4974 rid.
1169 4920 1234 4974 not.
1251 4907 1300 4972 uh.
