3446 5458
635 355 822 428 FROTHO
845 361 900 428 lll.
1298 361 1370 430 215

124 587 188 650 est.
218 581 255 642 ut
278 569 313 638 in
336 592 394 638 me
413 590 502 658 sors,
528 594 637 666 qnam
655 570 759 643 vobis
784 593 1003 666 paraveram,
1039 566 1179 640 recidat.
1236 571 1370 660 Fateor²
1390 577 1418 640 st

123 689 197 762 mihi
214 689 247 760 in
264 712 328 762 vos
345 713 397 777 ea,
422 695 584 786 quantia
602 716 661 762 me
675 695 804 791 geritis,
822 709 976 788 potestas
1000 689 1184 782 incideret,
1218 687 1302 760 nihil
1323 717 1342 761 a
1362 719 1419 764 me

123 811 228 910 pietati
242 808 576 894 deserendumesse.
640 813 746 908 Quod
770 813 798 887 si
820 813 921 886 vobis
938 813 1030 884 facto
1045 813 1212 886 innocens
1230 839 1322 906 sum,
1347 839 1418 886 vo—

122 933 243 1006 luntate
256 931 383 1006 saltem
398 959 480 1010 reus
496 953 625 1009 teneor.
678 933 865 1008 Redundet
884 938 919 1006 in
938 963 1005 1032 me,
1031 962 1165 1034 quaeso,
1191 961 1321 1008 nocens
1336 938 1418 1008 ani-

121 1063 162 1129 mi
178 1057 293 1156 crdpa,
318 1058 577 1158 quiinterdum
592 1061 709 1158 operis
726 1058 808 1131 loco
825 1060 959 1130 censeri
982 1059 1078 1133 solet.
1136 1062 1170 1130 Si
1193 1055 1266 1130 fatu
1283 1049 1418 1130 ¹ferrum

118 1181 251 1278 negatis
275 1182 422 1278 propria
440 1180 525 1251 milri
540 1207 647 1252 mauu
668 1180 808 1253 cladem
824 1181 1107 1254 consciscendam
1124 1181 1270 1254 curabo.

238 1304 369 1374 Contra
390 1303 439 1374 sic
456 1291 601 1376 Ericus:
630 1305 688 1375 Dii
705 1331 726 1375 a
745 1320 787 1396 te,
802 1331 939 1404 quaeso,
957 1321 1112 1377 avertant
1128 1301 1291 1377 stolidam
1311 1329 1417 1373 men-

117 1443 198 1520 tem;
229 1441 398 1513 avertant,
411 1433 573 1521 inquam,
607 1451 651 1496 ne
675 1425 875 1500 clarissimae
894 1430 970 1500 vitae
986 1427 1093 1500 finem
1114 1427 1244 1526 flagitio
1265 1449 1417 1522 quaeras.

117 1551 196 1618 Sane
220 1545 368 1648 quidem
392 1547 439 1620 ab
464 1549 548 1647 ipsis
572 1547 793 1646 prohibitum
816 1570 886 1643 est,
921 1551 1115 1650 benignum
1140 1551 1173 1620 in
1199 1547 1285 1620 alios
1316 1549 1349 1618 iu
1379 1571 1417 1616 se

117 1667 320 1775 panicidam
346 1669 432 1740 fore.
491 1673 657 1742 Tentatus
683 1696 720 1744 es
742 1697 764 1742 a
784 1671 940 1766 fortuna,
973 1700 1047 1772 quo
1066 1673 1189 1744 mentis
1205 1669 1327 1743 habitu
1345 1667 1416 1739 ad-

117 1817 207 1864 versa
222 1796 415 1890 exciperes,
440 1791 655 1892 explorante.
705 1795 981 1868 Probamentnm
1001 1795 1062 1868 tibi
1087 1793 1218 1866 dedere
1237 1791 1319 1884 fata,
1343 1815 1415 1860 non

115 1937 239 1988 casnm.
296 1911 387 1986 Nihil
401 1913 464 1986 tibi
482 1922 643 1992 maeroris
660 1921 831 1993 inflictum
846 1897 908 2012 est,
925 1918 1027 2018 quod
1041 1944 1118 1991 sors
1133 1913 1257 1988 melior
1273 1910 1417 1985 abolere

113 2063 176 2108 non
206 2040 352 2136 possit.‘
400 2037 546 2112 Cautcla
568 2043 693 2114 etenim
709 2041 860 2141 praebita
885 2060 957 2134 est,
984 2068 1064 2113 non
1098 2056 1228 2112 mutata
1263 2029 1414 2109 felicitas.

112 2163 214 2232 Nemo
232 2157 394 2232 modeste
410 2185 449 2233 se
467 2163 501 2232 in
521 2165 702 2262 prosperis
724 2170 805 2264 agit,
831 2170 891 2262 qni
913 2163 1063 2238 adversa
1089 2161 1238 2233 tolerare
1262 2186 1332 2231 non
1351 2155 1414 2230 di-

110 2280 190 2354 dicit
250 2287 423 2356 Praeterea
447 2287 560 2358 omnis
585 2287 767 2360 bonorum
794 2311 880 2360 usus
905 2305 988 2383 post
1013 2287 1127 2386 agnita
1157 2290 1289 2383 gratius
1322 2280 1414 2352 mala

110 2407 304 2506 percipitur.
356 2406 554 2480 ducundior
569 2425 621 2482 est
639 2409 813 2509 voluptate,
838 2436 921 2508 qnae
944 2435 1064 2481 rernm
1085 2403 1306 2504 amaritudini
1324 2429 1415 2476 sue·-

109 2527 201 2600 cedit
254 2525 409 2600 Salutem
423 2544 519 2603 tuam
535 2534 766 2626 aversaberis,
783 2537 810 2603 si
828 2529 1018 2628 superfuso
1036 2527 1146 2602 semel
1166 2517 1312 2627 aequore
1331 2550 1415 2596 ma-

108 2646 228 2723 duisttt
283 2649 393 2742 Quod
409 2652 437 2726 si
453 2657 556 2752 aquis
574 2656 755 2756 frangeris,
773 2653 920 2754 quando
936 2651 1069 2725 serrum
1087 2633 1333 2749 aeqoanimiter
1351 2665 1412 2720 to-

107 2768 253 2846 lerabis?
264 2771 397 2845 Enasse
412 2792 599 2866 errantum,
616 2779 782 2874 qnis'non
801 2777 924 2878 gloriae
942 2777 1054 2874 magis
1072 2772 1203 2846 tribuat
1218 2796 1326 2870 quam
1346 2796 1412 2840 ru—

106 2893 200 2968 bori?
231 2897 329 2987 Quot
349 2919 388 2966 se
412 2895 531 2970 felices
562 2913 780 2994 reputarent,
816 2901 845 2970 si
874 2915 932 2970 tua
958 2915 1051 2971 sorte
1088 2894 1244 2968 infelices
1276 2889 1413 2964 essent?

105 3017 244 3088 Summa
268 3032 301 3088 te
316 3041 435 3088 rerum
452 3035 580 3110 manet,
601 3019 703 3092 floret
720 3023 879 3111 animus,
906 3020 1070 3120 pubescit
1088 3035 1190 3110 aetas,
1217 3015 1323 3113 plura
1348 3035 1413 3108 spe

105 3137 287 3238 complecti
302 3141 444 3236 poteris,
470 3166 580 3240 quam
595 3145 746 3242 gesseris
762 3144 880 3216 rebus.
931 3147 1124 3242 Nunquam
1148 3139 1221 3243 hoc
1242 3137 1303 3234 tibi
1317 3133 1412 3206 levi-

105 3267 177 3336 tatis
192 3265 309 3335 inesse
325 3261 463 3353 vellem,
490 3280 612 3337 utnon
629 3264 737 3339 modo
755 3267 880 3366 lugere
900 3293 1045 3366 aspera,
1070 3263 1131 3338 scd
1151 3263 1255 3335 etiarn
1277 3259 1326 3330 ob
1343 3281 1412 3326 co-

103 3410 178 3458 rum
193 3387 447 3484 impatientiam
462 3387 567 3459 vitam
583 3387 739 3486 abjicere
755 3391 886 3486 cupias
942 3391 1075 3482 Quavis
1091 3384 1336 3460 ess'oeminatior
1352 3395 1414 3468 est,

102 3510 161 3604 qui
177 3508 415 3587 adversorum
431 3524 523 3580 meto
544 3511 684 3583 vivendi
705 3510 873 3585 fiduciam
889 3507 1016 3610 perdit.
1084 3513 1196 3581 Nemo
1209 3507 1414 3606 'sapientum

101 3649 212 3703 morte
228 3656 288 3704 res
305 3629 473 3704 adversas
494 3629 667 3704 redimere
682 3631 780 3706 solet.
845 3634 956 3707 Stulta
983 3650 1033 3707 est
1056 3635 1092 3703 in
1116 3629 1225 3703 aliurn
1244 3625 1413 3724 indigna·-

100 3752 156 3840 tio,
178 3755 363 3856 temeraria
381 3758 480 3828 inse.
524 3756 678 3854 Ignavus
694 3771 745 3828 est
765 3755 877 3849 furor,
894 3759 957 3854 qui
982 3781 1089 3830 suum
1112 3741 1324 3832 condemnat
1341 3772 1412 3818 au-

99 3893 217 3950 torem
282 3875 389 3969 Quod
414 3878 442 3948 si
468 3875 558 3948 ultro
578 3878 627 3949 ob
659 3879 824 3977 injuriam
847 3898 907 3952 aut
932 3879 1048 3954 levem
1070 3876 1175 3950 animi
1195 3872 1413 3982 commotio-
1448 3921 1451 3930 «

97 4025 179 4072 nem
199 4001 313 4073 fatum
337 4005 492 4098 appetis,
530 4025 640 4100 quem
669 4004 718 4072 tui
749 4000 921 4076 vindicem
947 3999 1186 4100 derelinquis?
1223 3997 1309 4089 Quis
1343 4009 1413 4064 tarn

96 4147 234 4216 amens,
256 4141 296 4198 ut
312 4122 464 4196 dubium
487 4123 638 4194 fortunae
656 4112 823 4196 habitum'
840 4129 988 4224 proprio
1012 4123 1130 4196 ulcisci
1146 4122 1285 4191 interitu
1307 4113 1412 4210 velit?

95 4249 184 4338 Quis
200 4246 296 4320 adeo
314 4244 394 4317 felix
410 4247 508 4334 vixit,
536 4247 623 4343 quin
650 4247 777 4319 tristior
801 4247 902 4320 illum
918 4245 1138 4346 quandoque
1150 4345 1152 4350 ι
1162 4241 1304 4352 fortuna
1320 4234 1412 4335 pul-

93 4372 214 4442 saret?
232 4373 445 4442 Inconcussa
462 4368 587 4441 duxisti
604 4383 775 4465 tempora,
792 4371 956 4444 continua
976 4368 1137 4440 felicitate
1157 4387 1254 4451 usus,
1270 4377 1304 4432 et
1318 4385 1414 4432 nuno

92 4489 139 4562 ad
156 4489 340 4564 modicam
367 4492 506 4565 tristitiae
525 4485 721 4580 salebram,
744 4507 782 4563 ut
812 4491 923 4563 dolori
941 4516 1087 4590 parcas,
1121 4493 1229 4568 vitam
1252 4483 1413 4558 deserere

93 4617 231 4712 paras?
259 4613 466 4708 Quomodo,
495 4613 669 4688 leviorum
694 4615 891 4718 impatiens,
915 4615 1082 4712 graviora
1103 4608 1231 4683 deinde
1247 4608 1412 4706 salterei-

91 4733 137 4809 lia
161 4737 261 4810 serre
284 4740 441 4838 poteris?
476 4735 652 4834 insipidus
667 4752 729 4830 est,
750 4738 813 4834 qui
836 4762 1022 4836 uunquam
1046 4733 1209 4810 moeroris
1240 4731 1412 4830 poculum

97 4859 314 4959 degustavit.
371 4866 483 4936 Nemo
509 4861 598 4934 dura
618 4886 690 4935 non
706 4885 832 4958 passus
850 4877 1083 4962 temperanter
1106 4859 1269 4934 facilibus
1294 4864 1412 4930 utitur.

1004 4995 1007 5000 .
1261 4968 1276 5001 f

661 5138 667 5176 l
