3442 5456
628 325 900 398 PRIDLEVUS.
1291 329 1362 402 att

107 551 327 629 monstrans,
361 535 521 639 pugilem
543 561 564 610 a
593 537 780 636 proposito
798 551 993 611 revocaret.
1054 525 1184 610 moino
1206 561 1304 630 vero,
1329 541 1417 618 nihil

105 659 157 734 ob
174 658 247 734 hoc
262 665 367 734 animi
385 663 560 748 minuens,
585 675 706 759 spreto
727 665 889 759 corporis
908 655 1083 758 periculo,
1109 662 1283 734 constanti
1299 679 1418 736 mente
1508 717 1515 728 .

106 797 140 854 et
161 780 265 856 vultu
281 780 469 858 discrimen
484 785 571 876 iniit,
594 788 642 856 ita
660 797 697 884 ut
712 806 780 854 nec
799 783 934 856 Ananis
959 787 1156 880 quicquam
1177 765 1321 884 ingenio
1345 783 1417 858 de-

106 903 201 976 lerre
231 927 352 1003 neque
375 929 418 978 ex
450 921 617 980 concreta
640 902 775 1002 aliquid
797 901 1001 977 sortimdine
1022 900 1206 1001 deponere
1229 905 1417 988 videretur.

105 1029 233 1124 ltaque
255 1025 354 1098 nulla
380 1047 424 1102 ex
437 1043 540 1126 purte
552 1029 739 1126 proposito
759 1023 1217 1123 deturbatus,.intrepidus
1228 1027 1418 1104 'duellosc

107 1147 268 1222 credidit.
322 1151 403 1243 Quo
426 1174 510 1223 cum
524 1167 675 1247 uterquc
695 1154 836 1222 saucius
855 1151 1071 1239 excessisset,
1095 1147 1193 1222 aliud
1218 1153 1301 1223 item
1318 1149 1418 1250 apud

106 1269 313 1344 Addames¹
334 1285 460 1345 mutua
473 1271 590 1358 laudis
606 1270 830 1346 aemulatione
851 1287 1047 1372 gesserunt.
1282 1269 1284 1272 ’

239 1395 426 1468 Interfecto
462 1393 647 1488 Amundo,
687 1393 885 1484 Fridlcvus,
916 1396 1089 1467 acerrimo
1112 1393 1215 1468 hoste
1246 1394 1419 1470 liberatus

107 1541 364 1615 summumque
389 1533 424 1590 et
445 1541 614 1591 securum
637 1521 749 1592 otium
775 1533 921 1606 uacuas,
951 1516 1211 1590 lerocissimum
1235 1519 1418 1616 ingenium

107 1665 216 1713 suum
239 1638 414 1737 voluptati
445 1639 572 1714 cedere
605 1644 738 1738 coegit,
781 1639 1002 1738 trajectoque
1029 1639 1066 1711 in
1083 1637 1257 1712 Venerem
1288 1637 1418 1732 studio,

109 1759 260 1834 classem
278 1763 459 1856 instaurat,
479 1780 625 1863 negatas
641 1761 726 1836 olim
743 1767 884 1860 nuptias
897 1762 1082 1860 petiturus
1133 1763 1296 1861 Denique
1311 1763 1415 1836 navi·
1515 1747 1516 1756 ἵ

107 1887 286 1982 gationem
313 1889 512 1986 ingressus,
538 1911 663 1985 quum,
685 1883 823 1958 defecta
844 1888 954 1958 ventis
980 1881 1109 1977 classe,
1130 1887 1229 1959 vicos
1253 1883 1419 1956 alimenta

107 2009 285 2103 petiturus
315 2011 545 2107 irrumperet,
577 2031 599 2078 a
632 2005 786 2080 Grubbo
816 2004 979 2105 quodam
1009 2007 1230 2108 hospitaliter
1265 2006 1419 2094 habitus,

106 2127 328 2228 tandemque
347 2128 431 2202 filiae
454 2131 533 2228 ejus
548 2130 732 2204 connubio
756 2135 902 2230 potitus,
929 2132 1082 2208 olavum
1108 2127 1286 2204 vocabulo
1305 2127 1419 2202 filium

104 2250 321 2352 procreavit
356 2253 541 2350 Interjeeto
558 2276 705 2350 quoque
727 2269 890 2352 tempore
905 2252 1138 2354 Frdgertbam
1154 2251 1317 2350 adeptus,
1332 2251 1421 2326 dum

107 2383 261 2477 patriam
281 2399 409 2474 parum
426 2397 599 2472 prospera
615 2375 837 2474 navigatione
860 2391 1044 2475 repeteret,
1061 2378 1191 2474 ignotae
1210 2373 1335 2447 insulae
1355 2373 1418 2446 lit·
1497 2355 1499 2366 ¹

105 2499 250 2573 toribus
276 2495 471 2596 appulsus,
504 2493 711 2570 thesaurum
735 2498 834 2572 humi
862 2498 1071 2572 conclu‘sum
1108 2493 1266 2568 ellodere
1292 2511 1419 2568 custo-

108 2623 269 2721 demque
285 2623 363 2719 ejus
381 2617 584 2710 draconem,
607 2618 739 2694 vitandi
754 2627 880 2698 veneni
899 2623 1020 2722 gratia,
1045 2619 1182 2692 bovino
1205 2628 1343 2715 tergore
1359 2633 1419 2688 te-

108 2763 189 2818 ctus
215 2759 385 2843 appetere
413 2739 603 2840 cujusdam
635 2767 702 2840 per
718 2746 873 2841 quietem
902 2744 1086 2841 conspecti
1121 2741 1258 2813 monitu
1277 2737 1419 2837 perdo-

101 2883 222 2956 cetur,
247 2861 493 2962 intentnmque
509 2881 611 2938 scuto
626 2865 764 2938 corium
777 2873 959 2964 venenatis
975 2864 1131 2938 dentium
1147 2860 1328 2936 morsibus
1343 2860 1419 2934 ob-

107 2992 242 3088 jectare
256 2991 471 3086 praecipitur.
523 2988 634 3084 Igitur
647 2989 870 3086 experiendae
888 2991 1030 3065 visionis
1049 3009 1156 3059 cansa
1170 3007 1330 3082 anguem·
1343 2981 1419 3056 un‘-

106 3109 167 3186 dis
185 3124 427 3208 emergentem
442 3107 601 3200 adortus,
622 3109 685 3182 diu
701 3111 737 3182 in
757 3127 979 3211 squameam¹
996 3109 1089 3184 latus
1112 3111 1207 3210 irrita
1230 3105 1301 3178 tela
1325 3131 1420 3180 con·
1452 3111 1457 3128 “

98 3235 213 3332 ·jeeit;
244 3231 383 3330 quippe
410 3231 631 3330 spiculorum
657 3231 852 3331 impulsum
881 3247 1052 3308 crustrata
1087 3233 1247 3328 eorporis
1275 3225 1421 3302 durities
1510 3237 1511 3240 ’

97 3353 361 3430 trusnmamr.
425 3356 506 3453 Ipse
525 3379 612 3427 vero
638 3355 798 3450 coluber,
822 3357 966 3430 crebras
981 3350 1179 3426 admodum
1194 3355 1310 3453 spiras
1339 3356 1421 3456 agi-

107 3494 201 3571 tans,
217 3473 417 3552 orbiculato
430 3475 553 3550 caudae
569 3475 665 3550 flexu
685 3493 797 3552 tactas
822 3479 937 3552 obiter
961 3475 1109 3549 arbores
1131 3478 1293 3575 stirpitus
1311 3499 1421 3552 ever-

109 3601 220 3676 tebat.
244 3601 430 3691 Caeterum,
446 3599 575 3674 crebro
591 3601 752 3698 corporis
773 3615 887 3674 tractu
902 3613 1027 3676 cavata
1040 3595 1087 3668 ad
1103 3595 1258 3672 solidum
1272 3599 1422 3690 hum02,

108 3733 337 3824 praeruptum
351 3719 437 3794 hine
453 3715 537 3796 iude
556 3721 650 3796 latus
666 3721 850 3817 effecerat,
884 3739 925 3796 ut
941 3721 1168 3822 quibusdam.
1185 3726 1222 3792 in
1242 3719 1330 3796 locis
1347 3721 1420 3795 nd-
1499 3767 1521 3802 s

110 3864 239 3921 versos
251 3841 363 3918 colles
376 3843 496 3918 media
510 3843 602 3920 valle
615 3848 830 3944 sequestrari
846 3848 1097 3944 conspicimus.
1148 3845 1261 3946 Igitur
1277 3843 1421 3938 FrIdle-

126 4185 131 4194 ·
158 4156 353 4242 'Addanoed
377 4159 429 4226 8ἰο
447 4158 504 4225 Ed.
523 4181 589 4246 ΡΜ
608 4159 739 4247 θῖεΡΙιι·
846 4163 978 4228 ²Crebro
997 4164 1129 4249 eorporis
1143 4175 1242 4224 tractu
1262 4174 1369 4222 ccam
1382 4159 1425 4220 ad

90 4267 182 4329 nias
197 4265 564 4351 agamemnonem
577 4285 643 4328 car.
661 4270 740 4330 For·
785 4271 924 4332 -solidcm
946 4267 1044 4349 humo]
1071 4263 1265 4332 somnient
1287 4262 1338 4326 hic
1360 4275 1422 4326 est:

87 4385 194 4436 mssa
207 4370 391 4456 intelligitur
403 4371 580 4458 Agdarnaer,
595 4392 740 4456 promon-
800 4375 916 4458 Angris
939 4372 1053 4436 credaris
1091 4369 1193 4432 canda
1220 4367 1352 4434 mantus
1379 4369 1422 4434 ita

109 4475 739 4542 torinmidintrcitnmsinesiiidrosientis
799 4479 925 4542 humum
943 4488 1155 4554 excavarunt,
1182 4473 1340 4540 aanoldis
1357 4474 1423 4558 eius

110 4585 217 4661 situm,
239 4583 325 4665 cuju·
339 4583 401 4667 jem
413 4583 527 4676 qentic
539 4583 575 4648 fa
591 4582 741 4648 intim-
801 4583 957 4646 exhiberet
968 4581 1129 4666 imaginem
1145 4583 1232 4646 vallis
1256 4582 1351 4646 cottas
1371 4581 1423 4644 ad·

109 4690 160 4752 ria
173 4688 301 4753 narudi
313 4688 521 4752 Ptdchrlconi
537 4687 741 4772 (tidnsnorro
801 4709 904 4754 tarsos
921 4687 1116 4772 sejungeres.

112 4795 196 4858 laist
209 4813 274 4878 reg.
287 4797 381 4886 Ilort.
395 4797 408 4856 I
423 4817 455 4878 p.
471 4789 541 4872 tt&
555 4793 744 4878 Sohidnning

113 4901 234 4964 Nortiae
248 4899 328 4964 IIist.
349 4901 411 4963 rol.
424 4903 438 4962 I
452 4923 483 4985 p.
503 4897 584 4980 197.)
