3446 5458
355 247 430 316 210
701 237 875 310 Hts'rott.
896 241 1000 310 DAN.
1016 241 1153 312 LIBER
1173 242 1213 313 V.

303 476 400 528 num:
453 457 497 524 At
515 453 641 524 Ericus
656 450 824 550 virginem
839 449 909 522 sibi
923 449 1033 526 veluti
1053 477 1133 526 cum
1156 467 1281 552 patera
1297 425 1426 524 ‘datam
1447 447 1604 550 applicat.

304 579 386 670 Quo
399 575 476 650 viso
493 600 565 666 rex,
589 577 761 661 Fatuom,
785 575 918 670 inquit,
949 573 1233 691 pperaprodit1.
1293 571 1490 676 Apadnas
1516 575 1605 647 inta-

302 715 360 772 cta
377 700 553 798 virginum
570 695 714 768 libertas
728 691 854 806 haberi
870 693 971 769 solet.
1024 701 1127 770 Tunc
1149 701 1289 790 EricuS,
1311 694 1442 795 puellae
1465 722 1605 769 manum

303 819 452 922 perinde
470 817 647 920 aepoculi
663 825 806 962 nopsine
836 815 1002 891 traditam
1017 817 1111 890 ferro
1128 817 1354 894 desecturum
1372 845 1410 894 se
1429 815 1605 908 simulans,

304 947 374 1034 Si²,
397 943 532 1040 inquit,
557 941 684 1040 plura,
703 964 813 1040 quam
833 937 984 1032 dederis,
1007 943 1182 1040 ceperim,
1208 960 1268 1016 aut
1293 943 1322 1015 si
1347 959 1460 1017 totum
1480 957 1606 1012 temere

303 1075 418 1157 teneo,
444 1063 569 1138 saltem
589 1079 689 1161 parte
706 1063 807 1160 potiri
824 1060 936 1136 liceat
998 1063 1084 1158 Rex,
1100 1067 1266 1164 promissi
1281 1090 1401 1140 errore
1415 1065 1605 1162 recognito,

283 1189 461 1288 puellam
484 1183 638 1276 tradidit,
664 1185 787 1256 nolens
809 1186 953 1257 incuriae
978 1189 1098 1258 vitium
1122 1185 1262 1260 levitate
1284 1189 1502 1274 rescindere,
1537 1207 1605 1282 quo

302 1315 445 1412 gravior
467 1305 665 1406 pollicentis
692 1307 871 1379 videretur
898 1311 1088 1402 autoritas;
1121 1337 1330 1410 quanquam
1368 1311 1479 1382 inania
1505 1321 1605 1404 pacta

301 1457 469 1508 revocare
488 1433 676 1504 maturitati
700 1431 942 1530 potiusquam
962 1435 1224 1504 inconstantiae³
1244 1431 1443 1532 deputetur.
1475 1505 1478 1514 .

432 1553 571 1626 Deinde
586 1553 687 1624 illum
708 1549 753 1624 ad
771 1577 892 1642 naveS,
907 1571 1051 1652 accepta
1065 1549 1261 1628 revertendi
1278 1551 1605 1653 sponsione,dimit-

302 1683 348 1772 tit,
374 1696 548 1774 tempore,
565 1673 674 1774 'quod
695 1701 827 1775 pugnae
843 1673 1052 1770 debebatur,
1081 1677 1238 1750 instante.
1287 1675 1411 1752 E'ricus
1433 1703 1516 1751 cum
1539 1675 1606 1748 suis

302 1815 498 1874 crustatum
516 1797 629 1896 glacie
645 1799 789 1894 aequor⁴
811 1823 1012 1898 aggressus,
1035 1797 1212 1872 lubricum
1232 1797 1507 1898 instabilemque
1523 1821 1604 1898 gra-

302 1923 355 1996 du
375 1917 527 2020 hostem'
543 1917 722 1992 solearum
743 1923 845 1993 nixus
871 1919 1035 1993 firmitate
1049 1924 1259 2020 ,prostravit
1323 1923 1494 1996 Statuerat
1518 1921 1604 1990 enim

302 2043 448 2135 Frotho,
472 2067 518 2113 ne
544 2047 623 2139 quis
641 2041 810 2116 inclinatis
827 2059 888 2114 aut
915 2043 1161 2117 laborantibus
1177 2043 1306 2116 auxilio
1323 2043 1424 2116 foret.
1478 2037 1605 2113 Deinde

302 2171 414 2239 victor
429 2171 555 2264 repetit
569 2173 699 2262 regem.
751 2169 863 2266 Igitur
880 2169 1048 2258 Getvara,
1071 2184 1293 2266 consumptae
1312 2165 1497 2239 infeliciter
1515 2161 1603 2237 sob-

302 2285 368 2361 olis
392 2289 494 2359 exitio
514 2304 661 2377 moesta,
693 2286 873 2388 simulque
901 2314 980 2360 eam
1004 2287 1126 2361 ulcisci
1145 2288 1267 2376 avida,
1292 2285 1515 2389 pronunciat,
1537 2283 1604 2356 ad-

302 2435 428 2486 versus
452 2409 597 2482 Ericurn
620 2409 819 2508 altercandi¹
840 2411 1036 2484 collibitum
1059 2412 1124 2483 sibi
1147 2411 1224 2483 sore
1252 2412 1469 2503 certamem,
1501 2411 1546 2479 ita
1569 2422 1608 2478 ut

301 2536 379 2632 ipsa
395 2549 561 2630 torquem
579 2535 699 2634 magni
717 2533 897 2634 ponderis,
912 2533 970 2606 ille
996 2538 1102 2606 vitam
1128 2536 1163 2605 in
1189 2536 1340 2634 pignore
1363 2549 1530 2632 poneret,
1550 2527 1607 2600 aut

302 2679 429 2730 aurum
451 2651 622 2728 vincendo
641 2672 702 2728 ant
726 2655 863 2729 lethum
885 2655 1157 2731 succumbendo
1190 2654 1336 2729 laturus.
1424 2657 1606 2754 Compro-

302 2777 408 2893 bante
432 2791 609 2850 certamen
639 2779 763 2869 Erico,
787 2804 896 2878 penes
923 2783 1129 2853 Gunraram
1153 2779 1284 2882 pignus
1300 2777 1501 2878 deponitur.
1533 2776 1604 2876 lgi-

301 2917 360 2972 tur
377 2901 532 2973 Gtitvara
548 2903 645 2998 prior
659 2902 710 2974 sic
728 2925 828 2974 orsa:
1229 2919 1234 2930 ·

328 3030 331 3040 ’
434 3023 593 3122 Quando
611 3041 711 3096 tuam
725 3023 853 3094 limus⁰
877 3022 1041 3096 admissa
1060 3039 1136 3095 cote
1151 3023 1353 3124 bprcnncm,

497 3151 628 3220 Nonne
646 3149 726 3218 terit
742 3147 915 3220 trenntlas
932 3149 1092 3220 mentula
1109 3172 1248 3248 quassa
1269 3141 1401 3246 notes?

349 3428 439 3496 'Rern
448 3431 584 3498 Famam,
592 3431 698 3510 aliquit,
710 3453 800 3516 opera
802 3430 922 3520 prodit]
1030 3427 1229 3491 ὅΑΙτενειυιιίί
1241 3428 1396 3488 collibitum
1412 3430 1544 3514 sdifim
1550 3452 1602 3490 cer·
1704 3395 1705 3420 l

299 3535 380 3594 Saxo
402 3528 530 3593 fortasse
548 3532 834 3628 exprimere-voluit
850 3557 923 3620 pro·
985 3527 1095 3612 tantm]
1126 3532 1273 3614 Exempla
1304 3530 1373 3592 talis
1407 3531 1602 3595 altercationis

302 3633 438 3698 serbiam
451 3633 610 3698 Danicnm:
638 3642 725 3700 Hror
746 3645 867 3705 Daaren
888 3664 921 3705 er
986 3638 1094 3700 desunt
1123 3638 1155 3698 in
1198 3637 1399 3700 monumentis
1424 3639 1602 3702 lslandorurn
1703 3721 1704 3726 ἵ

301 3741 382 3820 inde,
401 3741 487 3825 girer
503 3741 562 3802 han
578 3747 662 3825 Tegn
681 3743 728 3806 fra
742 3745 797 3830 sig.
985 3743 1044 3806 fida
1067 3741 1263 3826 dignioribus.
1312 3745 1520 3806 Remotiorcm
1540 3763 1600 3806 cnm
1703 3745 1704 3772 ³

346 3843 418 3928 ²51]
434 3844 491 3908 Ed.
504 3869 550 3930 pr.
568 3863 599 3909 et
613 3849 718 3932 Stepb.
737 3856 774 3914 Et
794 3859 828 3914 si.
844 3855 924 3939 (ΜΒ)
985 3849 1078 3911 bacea
1103 3847 1300 3912 altereatione
1314 3849 1539 3913 similitudinem
1555 3850 1601 3911 ba-

346 3956 743 4038 ³Maturitatipotlusquanm
760 3960 925 4021 anconstnn·
984 3954 1038 4018 bet
1065 3955 1234 4017 diverbiutn
1258 3953 1350 4032 illud,
1373 3955 1456 4040 quod
1481 3954 1601 4019 servavit

301 4055 825 4144 tr‘n]Maturitasbicestprudentia.
848 4069 923 4128 Usus
982 4066 1217 4145 Herrararsaga,
1249 4063 1329 4126 inter
1361 4063 1542 4126 Heidrecurn
1574 4071 1601 4122 et

300 4176 345 4226 est
361 4161 468 4227 eodem
483 4163 924 4248 significatulmmianusblar-
986 4169 1113 4230 Castum
1137 4189 1270 4246 coecum,
1300 4191 1361 4254 quo
1391 4149 1549 4256 aenigmata
1567 4163 1599 4228 ab

218 4337 220 4344 .
300 4265 583 4353 cell-Xlessed.
597 4270 668 4354 Bip.
684 4273 852 4338 Thalassius
866 4302 923 4338 non
986 4292 1047 4334 uno
1061 4273 1219 4358 proposita
1235 4275 1273 4337 ab
1293 4277 1389 4338 altero
1403 4267 1600 4344 solvebantur,
1664 4335 1672 4356 ‚

303 4381 473 4438 mrrtarr'tate
485 4379 532 4437 ecl
543 4359 670 4440 consiliis
685 4383 848 4465 mitigabat.
856 4381 905 4462 (S)
986 4397 1052 4463 cap.
1065 4381 1125 4446 XV
1136 4403 1166 4464 p.
1181 4377 1345 4444 199-—179
1363 4380 1409 4442 ed.
1424 4385 1523 4445 Havn.
1536 4373 1600 4441 inl·

346 4479 539 4543 ‘Crustatum
552 4485 648 4574 glacia
665 4485 774 4568 equor]
794 4488 926 4550 Ammia-
1031 4487 1186 4570 “Quando
1206 4505 1287 4549 tuam
1309 4483 1407 4566 lentas]
1423 4485 1506 4551 Sales
1520 4483 1600 4565 hujus
1701 4501 1702 4510 ³

301 4605 357 4645 nns
372 4587 563 4648 Marcellinus
578 4587 631 4650 lib.
647 4591 734 4655 Xle
754 4595 865 4678 Hyeme
878 4619 926 4657 ve-
987 4587 1116 4653 diverbii
1150 4610 1217 4653 enm
1253 4591 1399 4678 spurcitie
1433 4604 1496 4655 tam
1527 4601 1601 4654 arcte

302 4713 335 4750 ro
352 4689 454 4750 lamus
475 4711 606 4756 crustata
622 4699 788 4778 fragrantes
809 4717 837 4760 et
859 4719 924 4764 tnn-
987 4695 1085 4778 juncti
1105 4707 1193 4772 sunl,
1217 4709 1250 4760 ut
1269 4718 1320 4761 eos
1339 4697 1506 4783 prolixiore
1529 4715 1600 4757 com·

301 4819 386 4878 qnam
406 4795 543 4876 levigant.
566 4795 616 4878 (S)
986 4801 1135 4864 mentatio
1156 4799 1365 4869 dilucidandas
1385 4802 1490 4866 sedulo
1522 4797 1600 4863 alieri
