3446 5458
640 345 827 422 FROTHO
846 347 885 418 ll.
1286 354 1356 426 177

93 555 193 628 11111ι
219 565 360 626 tenuem
382 549 493 651 hujus
522 556 572 628 rci
597 557 755 632 notitiam
776 573 895 632 extare
917 573 1070 634 testetur.
1137 563 1188 634 lta
1214 583 1236 632 e
1266 557 1407 638 diverso

93 673 182 746 bina
201 671 387 772 quadratu
405 675 533 750 formre
558 676 671 774 spatia
685 676 904 754 cubitalibus
925 677 1077 780 figuma
1092 677 1285 758 lateribus²
1308 681 1409 760 humi

91 793 252 886 denotat,
277 796 480 874 alocorum
496 823 565 872 usn
580 795 785 874 documenti
803 801 942 874 initium
956 800 1127 876 editurus
1179 802 1321 896 Quibus
1337 804 1409 881 de-

92 918 237 1017 scriptis
250 925 465 1020 assignatam
483 937 635 1020 uterquc
649 919 716 994 sibi
732 937 871 1020 partem
886 921 1143 1024 complectitur.
1200 927 1295 1000 Tum
1309 930 1407 1002 Fro-

93 1065 224 1139 gcrum
249 1041 387 1116 Frctbo
413 1065 513 1116 mma
549 1047 680 1116 secum!
715 1067 759 1116 ac
781 1040 903 1118 locum
929 1057 1134 1144 permutare
1155 1044 1270 1144 jubet.
1332 1053 1408 1126 Nec

92 1161 248 1240 difficilis
264 1161 433 1238 admissio
450 1163 526 1238 fuit.
578 1167 778 1264 Frogerum
793 1163 972 1263 siquidem
986 1164 1169 1240 hostilium
1190 1170 1285 1244 nitor
1310 1194 1406 1246 con·-

44 1375 52 1396 .
92 1285 228 1360 citabat
245 1309 440 1377 armorum,
466 1285 568 1384 quod
582 1283 719 1360 Frotho
735 1283 926 1384 praeditum
941 1311 1031 1364 auro
1046 1287 1217 1388 capulum
1230 1287 1406 1366 loricam-

92 1433 166 1506 que
183 1412 307 1506 specie
321 1405 531 1500 radiantem,
555 1405 622 1484 scd
635 1423 671 1482 et
686 1406 861 1482 cassidem
879 1411 916 1480 in
935 1409 1091 1485 eundem
1112 1408 1261 1486 modum
1277 1417 1407 1488 eximio
1547 1479 1551 1488 ,

91 1545 275 1628 comptam
297 1527 441 1628 fulgore
468 1547 631 1630 gestaret.
707 1527 979 1630 lgmnFrotho,
1007 1531 1098 1626 loci,
1129 1555 1204 1632 quo
1225 1538 1405 1636 Fregerat

93 1667 304 1744 excesserat,
329 1649 481 1751 pulvere
495 1665 674 1752 correpto,
699 1675 806 1725 omen
822 1651 892 1726 sibi
907 1655 1064 1728 victoriae
1079 1653 1202 1730 datum
1219 1659 1403 1732 existima-

93 1777 152 1848 rit.
180 1779 254 1848 Nec
269 1776 423 1875 augurio
440 1771 576 1864 elusus,
590 1777 761 1848 continuo
773 1775 976 1872 Frogcrum
990 1774 1156 1868 occidit³,
1171 1793 1245 1851 tum
1261 1801 1404 1878 parru-

93 1896 128 1972 lo
145 1897 372 1972 vaframento
386 1897 578 1972 maximam
599 1893 812 1969 fortitudinis
830 1893 982 1995 gloriam
1006 1915 1198 1974 assecutus.
1259 1903 1404 2002 Quippe
1504 1971 1508 1980 ,
1628 1885 1634 1894 ’

95 2019 199 2120 quod
214 2017 348 2094 nullius
364 2036 445 2092 ante
461 2019 597 2094 viribus
611 2015 724 2111 licuit,
748 2021 876 2091 astutia
892 2023 1063 2118 pratstitit.

223 2146 333 2216 Post
349 2139 449 2216 hunc
464 2143 548 2214 Dan
563 2165 716 2240 reguum
733 2140 920 2238 capessit⁴.
959 2140 1128 2232 Quicum
1144 2139 1403 2224 duodecimum
1445 2239 1448 2250 ι

91 2264 202 2340 etatis
221 2287 357 2340 annum
379 2277 514 2363 ageret,
537 2257 757 2364 legationum
774 2257 971 2358 petulantia
992 2259 1171 2363 fatigatam,
1201 2265 1403 2344 baronibus

91 2383 230 2462 bellum
252 2404 315 2464 aut
331 2385 508 2462 tributum
523 2383 651 2460 afferre
667 2384 800 2482 jrsssus.
852 2379 922 2456 Sed
941 2380 1057 2459 rubor
1073 2407 1233 2483 puguant
1249 2392 1403 2486 pensio·

90 2515 124 2582 ni
142 2513 357 2610 anteposuit,
383 2509 505 2608 potius
521 2504 570 2580 ad
584 2521 729 2582 strenue
744 2500 981 2594 moriendum,
1005 2525 1117 2602 quam
1130 2505 1253 2582 timide
1267 2514 1401 2588 vireo-

90 2629 177 2704 dum
193 2628 393 2732 impellens.
452 2631 579 2728 ltaque
600 2623 747 2727 praelata
768 2621 953 2724 pugnandi
982 2639 1095 2719 sorte,
1127 2629 1314 2706 Danornm
1333 2635 1402 2732 ju·

91 2769 219 2828 ventus
238 2751 381 2826 Albium
396 2747 549 2825 fluvium
565 2761 660 2824 tanta
673 2747 902 2846 navigiorum
914 2745 1114 2846 frequentia
1130 2751 1337 2850 complevit,
1359 2771 1402 2830 ut

91 2872 195 2948 facile
218 2875 298 2973 ejus
311 2875 497 2948 transitum
522 2867 734 2974 perindegac
756 2871 927 2944 continuo
945 2884 1057 2970 ponte
1079 2871 1204 2970 juncta
1218 2878 1402 2976 puppium

93 2994 254 3072 tabulata
271 3011 490 3098 prestarent.
541 2997 623 3088 Quo
645 2992 771 3085 evenit,
795 3006 835 3066 ut
850 2993 1010 3068 Saroniae
1035 3015 1097 3085 reu¹
1120 2989 1255 3088 eidem,
1288 3021 1400 3099 quam

90 3121 241 3194 aDanis
253 3117 430 3218 erigebat,
455 3113 647 3190 conditioni
662 3111 897 3215 nugaretum.

135 3429 405 3514 ¹Frnnsqusnnllis
419 3453 564 3494 annorum
581 3431 714 3512 ocstsgs'r'r
773 3423 937 3488 baberetur
965 3423 1056 3504 (cuir.
1076 3429 1229 3494 Aruesens
1249 3425 1399 3498 islandslte

88 3533 227 3614 amma]
246 3537 317 3600 Hoc
336 3547 398 3614 cst,
429 3532 517 3598 frons
538 3533 623 3596 nulla
648 3531 714 3596 tul·
774 3531 1002 3616 Rettsrgaugp.
1016 3527 1074 3594 151
1087 3532 1195 3618 aequ).
1217 3535 1286 3629 Qvo
1298 3535 1400 3602 minor

89 3660 212 3720 nuum,
246 3661 317 3726 qun
353 3639 444 3710 armis
470 3636 570 3724 indigi
602 3638 714 3715 rolant,
773 3655 854 3718 arra,
876 3647 963 3700 tanto
987 3633 1146 3702 difficilius
1168 3649 1322 3704 1111111111
1341 3641 1400 3705 bac

88 3746 175 3830 11111
198 3745 379 3826 ostendeus,
411 3742 500 3810 frons
521 3744 613 3809 nullis
636 3743 715 3811 cica-
772 3744 841 3828 legs
864 3743 982 3808 initum.
1047 3743 1108 3812 vix
1131 3756 1234 3808 autem
1260 3765 1340 3827 arca,
1366 3746 1400 3810 in

88 3849 216 3916 uicibus
235 3851 388 3937 insignita.
437 3850 564 3916 Portica
588 3848 649 3916 boo
667 3847 713 3912 di·
772 3869 831 3934 gun
857 3847 924 3932 quis
945 3846 1039 3934 pedes
1058 3846 1185 3934 tigerat,
1209 3851 1275 3914 dari
1296 3851 1401 3938 potnit

89 3969 182 4036 cmm,
194 3956 449 4043 quemadmodum
459 3952 644 4040 multuapud
660 3957 714 4020 Sa·
771 3952 873 4018 minor
890 3970 936 4034 ea,
953 3953 1040 4040 cujus
1060 3955 1155 4020 latera
1169 3955 1296 4022 cubitali
1311 3969 1399 4022 111111

88 4083 209 4126 nouom
229 4048 713 4148 vtrgtt.AEneid.tib.v11v.417:
770 4057 971 4146 longitudine.

87 4171 128 4230 Et
150 4169 283 4252 seruum
321 4169 480 4234 obscenam
518 4170 601 4250 rugit
636 4181 714 4228 urat.
818 4165 1002 4252 'Frogcrum
1023 4163 1143 4247 oceidit]
1162 4163 1399 4230 Observationes

89 4270 182 4338 Orid.
197 4273 234 4336 Δ,
246 4273 283 4338 Δ.
302 4269 431 4352 111181
450 4276 522 4338 lam
536 4276 650 4336 urm'rnt
664 4293 714 4335 rs·
772 4270 891 4336 criticas
913 4269 951 4346 de
968 4270 1095 4336 historia
1108 4267 1276 4334 Frotbonit
1291 4287 1398 4334 secuu-

86 4401 150 4464 μ,
173 4379 303 4463 quesibi
315 4401 421 4468 corpus
438 4394 531 4446 111111.
549 4376 600 4458 (S)
773 4373 805 4440 di
823 4375 884 4442 rid.
895 4376 928 4440 in
943 4389 1006 4442 uot.
1018 4375 1107 4440 uber.

133 4485 262 4572 'Spatale
278 4484 449 4548 cnbrtatttuo
460 4485 601 4567 figurata
614 4483 716 4546 lateri·
817 4485 910 4546 ‘Dan
930 4505 1050 4568 regnum
1070 4476 1210 4570 capessit]
1228 4477 1331 4544 emin
1347 4497 1397 4544 re·

86 4585 156 4666 tus]
174 4591 256 4654 luter
274 4588 357 4672 leger
379 4587 474 4654 duelli
499 4588 560 4652 boc
591 4604 714 4672 quoque
771 4607 841 4650 rum
862 4608 881 4650 1
900 4589 991 4652 Danu
1018 4587 1111 4652 tertio
1140 4598 1293 4672 gestatum
1312 4583 1399 4650 dedi·

85 4691 197 4776 saepius
211 4691 416 4773 observatum,
430 4706 465 4758 ut
479 4705 562 4758 certa
575 4691 713 4777 quandam
772 4691 889 4756 masin
904 4693 986 4758 notis
1006 4690 1197 4758 uberioribus
1214 4689 1254 4756 ad
1272 4689 1397 4758 histori-
1429 4779 1431 4786 Ι

86 4817 161 4860 arca
187 4797 414 4886 designaretur,
445 4811 530 4864 extra
556 4819 648 4884 quam
687 4798 713 4860 si
772 4820 821 4864 am
834 4797 1066 4867 Dauisocundi.'
1125 4884 1128 4890 Ι
1288 4781 1291 4790 ’

86 4903 159 4986 quis
176 4905 222 4968 vel
238 4903 349 4989 pedem
369 4919 523 4986 moveret,
553 4925 612 4989 pro
631 4901 712 4968 ricto
817 4908 932 4970 ‘Etldcm
945 4908 1143 4971 ..condierunt
1158 4891 1341 4992 adigeretur]
1351 4906 1396 4968 tta

148 5025 201 5074 sax.
216 5028 341 5076 (iam.
357 5029 417 5076 ttia.
432 5029 493 5075 Dan.
694 5069 699 5081 .
1127 5011 1205 5108 (12)
