3548 5470
298 329 343 400 tv

224 499 227 512 .
248 541 338 615 dam
360 564 436 614 nou
454 536 586 654 nsagni
609 559 701 608 sane
721 507 894 608 momenti
909 533 1128 636 promises),
1153 547 1332 606 eteorum
1353 553 1481 604 rursus
1496 542 1569 601 tres

249 707 446 798 (secunda,
471 702 580 780 tertia
596 718 632 778 ct
645 701 792 805 quinta)
811 705 851 776 in
866 655 966 775 tectu
981 716 1096 775 antea
1113 701 1258 802 cognita
1272 715 1307 772 ct
1323 715 1464 806 recepto
1480 695 1586 772 nilu'l'

247 873 651 977 mutarunt,nisiquod,
664 870 848 948 nonnullis
856 867 1279 993 mendistypograplu‘crs
1292 868 1451 958 remotis,
1455 865 1569 970 plura

248 1069 372 1118 corum
389 1045 469 1120 loco
479 1059 690 1149 posuerunt.
731 1039 851 1115 Semel
864 1054 1008 1114 tantum
1022 1039 1071 1114 ab
1088 1039 1268 1150 indigenis
1282 1033 1568 1145 omnihusSoc-

178 1214 187 1228 “
249 1214 331 1286 oms
346 1211 499 1290 historia
514 1213 669 1290 Danica
683 1210 797 1286 latine
813 1209 907 1310 typis
925 1211 1112 1313 exscerpta
1133 1223 1188 1284 est
1196 1263 1212 1298 ‚
1240 1213 1343 1282 Sorte
1360 1199 1483 1280 1644
1500 1223 1551 1302 sq.
1552 1251 1569 1288 ‚

248 1394 324 1452 tum
336 1379 480 1454 demunt
495 1381 666 1456 editorem
680 1376 1015 1480 nacta,.quiquum
1030 1403 1169 1453 summo
1179 1377 1298 1452 studio
1313 1377 1427 1450 textui
1442 1400 1568 1452 emen-

248 1547 376 1624 dando
408 1549 584 1652 rebusque
618 1547 785 1622 numetis
811 1545 1041 1624 illustrandis
1070 1547 1226 1622 debitam
1258 1572 1388 1621 curam
1420 1546 1568 1652 impen-

247 1716 364 1792 dendi
380 1717 530 1809 deictus,
562 1731 639 1790 tum
656 1715 770 1813 felici
796 1717 942 1816 ingenio
974 1743 1188 1821 magnaque
1215 1717 1384 1792 doctrina
1419 1711 1569 1813 acheon

246 1883 315 1960 hoc
329 1911 478 1964 munere
490 1885 686 1985 honorifice
700 1885 998 1990 defungi'posset
1050 1885 1318 1990 Stephanus
1336 1883 1569 1958 lohannes

249 2057 279 2127 S
285 2053 537 2157 tephanius
561 2055 892 2160 (historiographus
916 2072 1000 2132 erat
1019 2058 1142 2158 regius
1165 2072 1200 2130 et
1222 2055 1565 2156 lustoriarumpro-

232 2221 368 2322 sessor
390 2225 430 2298 in
454 2224 651 2300 acadenu'a
676 2230 866 2326 Sorano),
903 2228 968 2328 qui
984 2241 1120 2300 tectum
1137 2227 1301 2301 Sasonis
1313 2220 1512 2298 innumeris
1525 2221 1566 2294 in

246 2393 338 2466 loeis
341 2392 462 2491 felici
463 2395 678 2499 plerumque
697 2394 908 2498 sagacitate
929 2409 965 2469 et
970 2393 1112 2493 judicio
1126 2392 1344 2508 'ostendentis
1348 2449 1363 2484 ,
1388 2387 1567 2493 exquisito

245 2561 422 2637 doctrinae
445 2581 635 2668 apparatu
664 2566 887 2643 obscurrsres
917 2562 1124 2669 explicavit
1153 2562 1344 2637 verborum
1361 2559 1566 2660 formulas,

247 2729 354 2806 haud
366 2757 495 2835 pauca
519 2731 680 2808 sollerter
701 2738 883 2836 congessit
904 2735 958 2808 ad
974 2759 1033 2808 res
1052 2737 1155 2838 ipsas
1174 2749 1357 2807 narratas
1368 2729 1564 2802 illustran-

246 2901 335 2992 dus,
361 2917 397 2975 ct
407 2901 671 3006 prolegomena
694 2903 849 3005 deru‘qM
866 2930 1010 3006 magna
1036 2901 1236 2978 eruditione
1259 2899 1399 3000 referta
1420 2895 1467 2970 de
1482 2890 1563 2964 vita

247 3087 282 3142 et
296 3072 439 3173 scriptis
453 3070 618 3146 Saxonis
632 3072 727 3147 notis
741 3072 817 3144 suis
827 3039 1019 3176 promisit,
1027 3071 1148 3174 justis
1157 3059 1366 3146 eoceoorum
1380 3065 1477 3140 uotis
1491 3089 1565 3136 om·

248 3234 338 3310 nino
360 3237 583 3337 satisfecisse
602 3211 803 3314 censendus
819 3257 882 3314 est.
933 3239 1176 3338 Sedduceuti
1184 3238 1277 3338 scre
1297 3203 1391 3310 anni
1404 3250 1566 3339 prater-

158 3441 164 3456 ,
247 3406 348 3510 lapsi
364 3424 469 3498 sunt,
494 3433 543 3482 esc
561 3433 633 3512 quo
648 3409 755 3506 editio
770 3409 1030 3514 Stephaniana
1048 3411 1163 3486 lucem
1181 3409 1373 3512 adspcait,
1399 3429 1514 3507 neque
1531 3402 1570 3474 ei

247 3591 358 3666 certe,
375 3577 439 3677 qui
451 3601 526 3651 non
547 3580 679 3669 nescit,
704 3596 928 3684 quantopere
942 3579 999 3653 hes
1012 3579 1151 3654 duobus
1168 3578 1298 3653 secuh‘s
1311 3540 1471 3652 lustorice
1486 3588 1568 3646 stu·

248 3743 349 3818 dium
363 3759 399 3816 et
415 3768 537 3876 rerpm
554 3746 721 3848 inprimis
742 3751 980 3852 antiquarum
999 3719 1156 3851 cognitis>
1165 3745 1380 3851 profecerit,
1399 3741 1567 3856 pluribus

250 3941 342 4019 opus
360 3916 443 4006 erit,
466 3929 507 3988 ut
512 3932 743 4018 perspectum
757 3919 896 3994 habeat
901 3975 917 4009 ,
943 3917 1041 3993 hanc
1057 3919 1248 3994 editionem
1258 3915 1438 3991 historicis
1454 3913 1570 3994 sosoi

251 4084 331 4158 seui
348 4045 571 4180 satisfacere
595 4112 670 4162 nou
692 4113 810 4190 posse.
867 4089 941 4190 Qui
960 4088 1276 4192 historiographia
1296 4083 1459 4161 Dauicoe
1467 4087 1568 4180 fata

248 4269 475 4357 cognorunt,
506 4281 549 4331 eo
574 4261 674 4346 ocius
687 4258 756 4332 hoc
773 4259 984 4350 concedent,
1010 4281 1082 4362 quo
1101 4257 1232 4333 certius
1252 4256 1385 4345 sciunt,
1409 4253 1569 4329 historus

249 4442 384 4500 nostra
398 4426 699 4530 autiquaefontes
715 4427 799 4502 inde
816 4427 865 4500 ob
889 4428 991 4502 mitio
1012 4428 1155 4502 doenum
1171 4425 1286 4502 seculi
1298 4423 1426 4500 octavi
1440 4417 1572 4499 decimi

249 4594 376 4669 critico
395 4595 563 4670 acumine
580 4597 816 4672 euanu'natos
836 4623 921 4672 esse.
960 4605 1094 4701 'Usque
1107 4599 1173 4673 ad
1193 4595 1333 4670 initium
1351 4597 1463 4670 seculi
1480 4623 1567 4700 sep-

249 4762 329 4840 tirhi
343 4766 474 4842 decimi
483 4766 525 4840 in
541 4765 694 4844 historia
714 4770 875 4874 antiqua
885 4773 1025 4847 Dauice
1038 4795 1146 4874 pcenc
1164 4767 1261 4843 solus
1274 4765 1570 4868 regnahotSaco
