3548 5470
727 331 871 402 GRAM.
1356 341 1405 412 33

233 539 312 612 Alia
329 563 482 638 qnoque
504 538 697 638 complura
706 542 820 614 Gram
834 543 930 642 regis
952 541 1113 616 facinora
1126 541 1239 618 inere.
1315 548 1455 626 Adver-

132 687 195 738 sus
211 659 408 734 Sumblum
426 658 654 737 Phinnorum¹
668 687 794 763 regem
812 663 954 738 bellum
976 665 1174 764 professus,
1200 665 1248 740 ad
1269 688 1457 770 aspectum

133 786 216 858 filtae
242 786 324 882 ejus
343 785 468 884 Signes
494 782 669 882 depositis
685 789 795 860 armis
812 811 856 860 ex
871 785 976 860 hoste
993 813 1129 887 procus
1152 791 1275 881 evasit,
1301 819 1457 894 eamque

132 909 315 1008 promisso
341 907 510 1006 conjugis
535 931 611 982 suae
629 907 785 1007 repudio
810 925 940 1008 pactus
964 908 1168 1009 despondit.
1221 916 1338 1008 Quam
1359 944 1457 1009 cum,

135 1031 235 1104 bello
254 1033 479 1128 NorvagicO,
513 1029 616 1128 quod
634 1029 830 1106 adversum
858 1029 1124 1132 Svibdagerum
1155 1061 1278 1136 regem
1321 1036 1372 1111 ob
1396 1065 1456 1116 so·

27 1213 29 1226 .
133 1159 224 1227 roris
254 1151 412 1252 filiaeque
435 1167 605 1250 stuprum
639 1171 860 1251 susceperat,
887 1153 1088 1228 admodum
1105 1175 1317 1256 occupatus,
1345 1165 1455 1237 Saxo·

134 1279 201 1349 niae
226 1277 319 1374 Regi
345 1277 500 1348 Hemico
525 1273 667 1348 Sumbli
686 1273 841 1374 perfidia
867 1284 904 1350 in
946 1283 1213 1354 matrimonium
1235 1261 1452 1380 promissam

134 1405 268 1473 nuncio
292 1395 486 1486 didicisset,
510 1399 664 1495 propior
693 1400 838 1497 virginis
863 1423 995 1498 quam·
1012 1400 1164 1476 militum
1190 1409 1363 1498 caritati¹,
1396 1435 1452 1482 rc·

133 1522 219 1596 lictu
251 1524 409 1594 exercitu
430 1525 559 1604 tacitus
584 1523 620 1592 in
650 1517 839 1594 Phinniam
868 1521 1071 1614 contendit,
1104 1523 1354 1628 inchoatisque
1379 1532 1454 1629 jam
1519 1515 1522 1527 ¹

134 1644 267 1743 nuptiis
292 1644 563 1739 superveniens,
588 1657 755 1716 exnemae
772 1642 915 1718 vilitatis
935 1661 1034 1719 veste
1056 1665 1213 1746 sumpta,
1239 1648 1450 1750 despicabili

27 1797 28 1800 ¹
135 1763 281 1840 sedendi
309 1763 394 1838 loco
412 1762 606 1838 discubmt.
659 1767 822 1865 Rogatus
838 1763 1012 1864 quidnam
1036 1767 1189 1862 afferret,
1209 1771 1376 1858 medendi
1391 1801 1452 1853 so·

135 1888 273 1960 lertiam
290 1885 493 1985 profitetur.
544 1887 602 1960 Ad
624 1893 886 1986 postremum2,
908 1890 1079 1966 omnibus
1107 1892 1281 1970 ebrietate
1306 1897 1453 1972 maden·

137 2009 241 2100 tibus,
267 2006 430 2108 puellam
453 2013 605 2102 intuens,
630 2009 758 2084 mediis
774 2018 1033 2110 perstrepentis
1049 2019 1206 2092 convivii
1229 2017 1369 2118 gaudiis
1385 2046 1453 2118 per

137 2155 312 2204 summam
346 2131 526 2206 foemineae
555 2132 709 2208 levitatis
742 2139 1005 2208 execrationem
1038 2140 1305 2241 maximamque
1338 2147 1449 2216 virtu·

138 2270 209 2326 tum
225 2277 375 2328 suarum
391 2254 644 2354 gloriationem
669 2253 923 2358 indignationis
939 2259 1223 2360 magnitudinem
1238 2262 1450 2364 hujusmodi

138 2377 292 2450 carmine
306 2376 493 2475 patefecits

319 2521 427 2596 Solus
439 2521 479 2596 in
492 2539 572 2598 octo
579 2524 727 2626 pariter
741 2522 885 2624 micula
902 2526 1028 2599 mortis
1050 2529 1151 2628 egi³,

316 2651 434 2748 Atque
449 2671 610 2719 novenos
621 2644 754 2745 gladio
769 2647 949 2750 conspici
969 2647 1131 2739 reducto,

320 2769 480 2869 Quando
496 2767 697 2843 Sucronem
712 2771 947 2861 eoamnzooi,
966 2771 1076 2844 iroth
1097 2771 1252 2844 abusum

318 2899 397 2968 Nec
410 2894 574 2965 oreritnm
590 2893 845 2967 conciliantem
861 2892 932 2966 sibi
943 2873 1095 2966 nonienr
1115 2894 1212 2968 unde

318 3019 422 3119 Scope
438 3031 624 3090 cruentum
644 3017 885 3115 necejcrrnm
909 3016 1168 3117 madidumque
1185 3018 1283 3090 caedc

322 3138 629 3238 Sangvrbcn‘nai
636 3139 847 3242 peregrino,
874 3139 1046 3240 uiriur'qne
1060 3165 1249 3241 nunquam

316 3262 380 3334 Ad
394 3264 548 3364 crepitus
564 3261 719 3336 ensiculi
738 3263 801 3336 oei
819 3262 942 3362 galera
958 3260 1121 3336 nitorem.

180 3581 327 3666 'Propior
351 3584 477 3662 uirginis
509 3603 595 3664 quarn
633 3584 755 3644 mili'tum
817 3578 874 3642 bus
893 3576 1077 3641 choriambis
1096 3591 1127 3642 et
1147 3577 1282 3643 Boethio
1298 3580 1361 3643 sive
1375 3583 1448 3644 Am·

137 3681 266 3765 caritati]
283 3682 472 3767 Propensior
485 3683 517 3746 in
532 3685 758 3770 virginisquani
818 3683 996 3770 phibrschy.
1038 3686 1081 3748 At
1102 3685 1135 3746 in
1149 3696 1260 3770 quarto
1276 3704 1366 3747 versu
1384 3708 1448 3750 om-

136 3788 262 3852 nilitum
278 3807 423 3853 amorem.
464 3789 627 3855 Valeriana
643 3794 757 3857 locutio
818 3792 893 3854 nino
926 3809 986 3876 pro
1022 3796 1204 3854 concutientis
1234 3790 1448 3876 'reponendum

138 3907 189 3958 est.
199 3899 306 3960 Exstat
319 3895 390 3958 Lib.
409 3897 439 3974 1,
457 3893 490 3974 l,
506 3895 545 3960 10
565 3903 599 3961 I.
614 3903 757 3964 Attonitis
820 3909 888 3974 crat
915 3901 1131 3976 conciliantem,
1157 3899 1308 3961 sententia
1330 3900 1374 3962 sic
1403 3898 1448 3962 ef·
1566 3958 1569 3966 ,

132 4008 250 4088 propior
275 4003 402 4090 publica
426 4005 563 4086 religioni
589 4027 674 4088 qnam
693 4013 759 4094 pri·
819 4001 988 4088 flagitante.
1003 4000 1053 4087 (S)
1066 4007 1099 4066 ln
1115 4017 1198 4081 octo,
1213 4023 1323 4088 nempe
1335 4003 1447 4068 iratres

137 4123 209 4168 soro
223 4111 354 4170 caritati.
375 4103 426 4186 (8)
825 4110 957 4190 Sutrini,
963 4131 1093 4194 quornm
1103 4124 1191 4174 antea
1210 4122 1327 4194 septem
1341 4110 1447 4172 matri-

182 4216 251 4275 ²Ad
259 4209 453 4300 postremum]
470 4215 614 4278 Formula
636 4217 757 4281 Justino
819 4216 936 4294 monio,
951 4235 1062 4279 norem
1082 4215 1192 4301 pellice
1206 4227 1385 4301 procreatos
1402 4214 1448 4276 di·

138 4316 343 4396 usitatissima,
365 4317 447 4380 unde
472 4311 672 4405 desumpsisse
703 4327 757 4389 Sa·
819 4333 915 4384 xerat.
941 4323 1121 4384 Numerum
1144 4321 1238 4406 igitur
1255 4320 1447 4383 octonarium

137 4443 242 4487 sonem
255 4423 334 4486 nulli
352 4421 532 4488 dubitamus.
554 4423 605 4508 (S)
820 4425 872 4488 hic
893 4422 1016 4508 profert
1031 4427 1170 4504 Gramm,
1194 4423 1266 4487 dum
1284 4426 1447 4492 Stat-inum

181 4514 284 4594 ³Solus
299 4538 329 4594 in
344 4549 409 4594 octo
420 4537 538 4619 pariter
552 4537 666 4620 spiculo
683 4560 759 4597 mor·
818 4527 965 4592 fratribus
979 4541 1166 4592 annumerat.

139 4635 249 4721 tingi]
276 4641 391 4708 Versus
412 4649 483 4700 sunt
505 4637 702 4701 choriambici
717 4653 760 4704 te·
865 4636 997 4697 ⁴Giodio
1020 4633 1163 4726 corripui]
1193 4638 1347 4730 Corripere
1371 4641 1403 4704 b.
1424 4641 1446 4703 l.

138 4737 272 4807 transtri
284 4743 457 4824 acatalecti,
466 4757 639 4808 constantes
653 4764 688 4808 ex
704 4745 760 4808 tri·
822 4754 867 4806 est
881 4739 1013 4820 haurire,
1034 4739 1210 4808 confodere.

193 4865 250 4914 Saxo
264 4849 389 4916 iirnnmnt.
404 4867 465 4914 Risi.
480 4869 540 4914 Dan.
646 4903 652 4908 .
1199 4849 1250 4947 (3)
