3476 5460
303 2807 312 2857 t

398 310 473 385 422
740 315 913 386 HISTOR.
928 317 1033 386 DAN.
1050 313 1187 384 LIBER
1205 313 1292 384 VIII.

354 551 417 600 nes
433 531 633 624 regionem,
658 549 740 622 quae
754 523 803 596 ab
818 547 863 594 eo
882 523 1169 624 significabatur,
1193 519 1307 596 aridis
1332 523 1550 620 insequuntur
1565 521 1612 596 Iu-

354 647 522 740 minibus‚
546 662 673 720 attente
686 647 851 744 promissi
865 644 987 722 littoris
1001 645 1211 746 praesidium
1227 659 1471 744 exspectantes
1527 645 1614 741 Cujus

353 767 496 844 tandem
518 767 652 842 aditum
677 774 769 842 nacti
800 770 836 840 in
857 769 1041 844 editiorem
1056 768 1123 846 soli
1138 783 1277 868 partem
1302 791 1369 865 per
1383 765 1546 840 obstantes
1561 765 1615 838 cli-

352 917 417 966 vos
441 871 617 990 praealtis¹
651 890 801 966 callibus
824 896 1014 967 enituntur.
1064 893 1166 966 Tunc
1181 889 1387 964 Tborkillns
1410 913 1451 962 ex
1474 891 1616 980 annentis,

353 1037 435 1112 qnae
450 1016 485 1085 in
499 1015 685 1086 maritimis
710 1012 905 1112 frequentia
931 1012 1197 1107 discurrebant,
1222 1037 1332 1113 supra
1346 1009 1445 1109 qnod
1465 1011 1560 1086 semel
1573 1011 1616 1082 Ie-

352 1133 491 1208 niendae
503 1135 597 1209 fami
616 1133 810 1229 sufficeret,
834 1155 939 1238 negat
961 1161 1037 1212 esse
1057 1136 1274 1231 tollendum;
1298 1135 1458 1210 futurum
1479 1139 1572 1224 enim,
1596 1135 1618 1206 si

338 1283 455 1333 'secus
476 1275 631 1357 agerent,
659 1275 698 1332 ut
715 1283 736 1332 a
753 1257 818 1334 diis
834 1261 904 1334 loci
918 1259 1156 1362 praesidibus²
1173 1257 1379 1334 discedendi
1402 1259 1544 1354 potentia
1555 1258 1616 1354 pri·

353 1397 529 1454 vorentur.
581 1387 626 1454 At
647 1399 777 1476 nautae,
792 1386 905 1484 magis
922 1381 1161 1484 prorogandae
1183 1382 1346 1456 satietatis
1372 1401 1477 1480 quam
1490 1377 1617 1452 servandi

352 1503 485 1599 Imperii
510 1504 728 1600 cupidiores,
752 1507 980 1579 incitamento
1010 1504 1106 1606 gulae
1129 1503 1250 1580 salutis
1275 1501 1459 1576 consIlium
1482 1501 1618 1600 subjece-

352 1641 445 1717 runt,
471 1623 640 1700 exhausta
659 1630 802 1700 navium
825 1630 958 1727 pamla
973 1651 1149 1702 caesorum
1165 1651 1313 1727 gregum
1338 1623 1541 1723 corporibus
1551 1645 1618 1694 one

353 1763 479 1820 rantes.
531 1750 600 1841 Qui
614 1747 695 1824 ideo
710 1765 820 1849 captu
836 1749 1026 1848 perfaciles
1040 1752 1193 1842 extitere,
1218 1745 1320 1848 qnod
1337 1745 1386 1820 ad
1401 1749 1565 1821 inusitatos
1577 1751 1618 1817 ri-

354 1895 477 1942 rorum
503 1886 668 1968 aspectus
689 1871 829 1945 firmato
856 1871 993 1972 pa'vore
1017 1873 1218 1948 mirabundi
1244 1885 1486 1946 convenerant.
1537 1871 1619 1940 Nocte

354 1995 552 2091 Insequenti
572 2009 727 2066 monstra
748 1994 853 2068 littori
881 1996 1070 2071 involantia
1095 2023 1138 2071 ac
1160 2011 1236 2070 toto
1263 1993 1507 2092 concrepantia
1519 2011 1618 2062 nemo-

354 2139 393 2186 re
419 2112 607 2188 conclusas
635 2114 810 2192 obsedere
825 2122 1006 2218 puppes³.
1076 2123 1240 2213 Quorum
1257 2143 1372 2190 unum
1396 2115 1521 2189 caeteris
1535 2137 1619 2212 gran·

355 2237 454 2327 dius,
480 2240 609 2336 ingenti
633 2237 727 2312 fuste
750 2259 943 2334 armatum,
978 2239 1201 2341 profundum
1229 2238 1400 2339 passIbus
1419 2235 1618 2311 emetiebatm.
1693 2279 1694 2322 r

355 2359 453 2434 Idem
470 2363 621 2460 propius
643 2360 828 2436 admotum
851 2365 1040 2440 vociferari
1053 2365 1179 2462 coepit,
1212 2387 1286 2436 non
1303 2378 1386 2434 ante
1403 2367 1618 2458 enavigatum,

356 2509 466 2583 quam
483 2483 549 2557 fusi
567 2484 687 2582 gregis
711 2485 880 2583 injuriam
919 2485 1095 2586 expiando
1131 2488 1214 2560 viris
1238 2509 1308 2583 pro
1331 2487 1476 2558 navium
1502 2505 1617 2556 numero

357 2606 490 2680 traditis
515 2605 624 2680 divini
654 2613 793 2704 pecoris
815 2607 945 2681 damna
966 2625 1182 2708 pensassent.
1241 2609 1355 2706 Cujus
1381 2609 1481 2680 mmis
1495 2603 1617 2678 obseou-

357 2747 413 2803 tus
429 2727 654 2816 lborkillus,
686 2745 725 2802 ut
744 2735 989 2805 universorum
1008 2730 1282 2804 incolumitatem
1301 2755 1497 2830 paucorum
1522 2725 1618 2800 discri-

353 2854 450 2924 mine
464 2866 631 2942 tueretur,
656 2867 725 2928 tres
741 2871 837 2929 sorte
853 2853 1039 2928 denotatos
1058 2851 1228 2926 exhibuit.

489 2977 569 3066 Quo
591 2974 697 3066 facto,
722 2958 846 3074 optato
864 2991 972 3050 vento
996 2978 1135 3074 excepti
1156 2980 1192 3046 in
1219 2974 1425 3049 ulteriorem
1447 2967 1617 3046 Biarmiam⁴

355 3097 529 3194 navigant
588 3099 700 3196 Regio
716 3114 769 3171 est
784 3101 951 3197 perpetui
973 3098 1114 3198 frigoris
1129 3121 1261 3197 capax,
1294 3097 1519 3196 praesitisque
1536 3092 1619 3166 offusa
1692 3209 1693 3216 ἵ

358 3405 445 3482 licet,
474 3426 563 3490 quam
580 3404 673 3482 illam,
687 3404 718 3465 in
737 3429 794 3492 qna
810 3406 980 3470 veneranda
1040 3425 1167 3488 eumque
1187 3403 1224 3466 ab
1243 3405 1367 3486 incepto
1389 3399 1568 3478 deteri-nisam
1582 3397 1619 3458 Io·

356 3510 493 3595 Nympha
516 3513 643 3594 Calypso
659 3512 792 3593 Ulyssem
810 3509 907 3575 fertur
930 3512 980 3576 de·
1039 3531 1106 3570 rum
1142 3530 1333 3572 verounum
1366 3507 1489 3592 rupibus
1516 3507 1619 3569 altiorem

357 3617 488 3678 tinuisse.
838 3599 848 3616 ’
1041 3603 1180 3679 baculum
1197 3615 1330 3678 ferreum
1346 3635 1437 3676 mann
1450 3627 1571 3698 gestasse.

404 3723 576 3806 ’ProenIImJ
598 3724 655 3786 Ed.
676 3723 781 3808 Steph.
803 3723 895 3786 babet
905 3749 980 3812 prte-

355 3833 426 3892 lotis
438 3849 541 3894 errore
555 3829 748 3913 typographi.

401 3941 454 3997 2Α
463 3939 520 3999 dri}
538 3941 596 3999 loci
609 3931 794 4023 praesidibus]
814 3935 866 3996 Dii
888 3947 978 3996 terrae

356 4039 510 4123 cujusdam
536 4039 679 4126 praesides
704 4039 883 4105 Borealibns
903 4039 976 4103 dicti

613 4155 619 4166 .
842 4147 848 4162 .
913 4147 919 4162 .
954 4147 961 4161 .
1035 4098 1090 4160 bus
1125 4097 1266 4161 accidisse
1298 4097 1395 4164 refert
1426 4096 1547 4164 Adamas
1567 4097 1622 4154 aa·

355 4159 425 4208 sunt
450 4151 649 4221 Londnoettcr,
691 4169 819 4234 quornm
840 4169 977 4232 inprimis

357 4267 421 4315 erat
434 4265 545 4316 tetram
563 4267 668 4316 contra
683 4255 784 4315 hostes
799 4251 976 4338 peregrinos
1034 4225 1146 4326 mem,
1162 4203 1200 4326 de,
1214 4206 1282 4268 8¹⁸⁰
1293 4210 1401 4326 9³⁰¹ae
1413 4230 1443 4290 Ρ·
1460 4193 1622 4266 ffioe‘i'ihd'

356 4359 443 4420 tueri.
491 4361 696 4422 Narraserunt
713 4359 821 4422 Islandi
845 4357 977 4436 (Histor.
1035 4334 1103 4394 (με
1120 4311 1177 4372 md'
1191 4335 1222 4373 m
1237 4324 1316 4374 nom
1336 4311 1420 4376 ”ben

356 4485 418 4548 reg.
443 4467 536 4526 Norv.
561 4472 572 4530 I
595 4489 624 4552 p.
650 4463 726 4546 928)
749 4489 837 4549 mago
857 4463 975 4526 cuidam
1080 4467 1139 4522 ‘ln
1161 4465 1323 4525 ulteriorem
1345 4457 1513 4540 Biormr'om]
1526 4455 1621 4519 Bibroci-

354 4569 392 4630 ab
409 4571 555 4650 Ilarald0,
572 4595 644 4658 rege
664 4575 780 4652 Itoniae,
803 4586 836 4634 ut
852 4571 976 4634 lalandi-
1034 4595 1081 4630 am
1104 4573 1267 4631 ulteriorem
1285 4569 1429 4652 intelligit
1449 4565 1529 4629 atitot
1546 4557 1621 4639 regit·

1038 3889 1104 3948 dere
1115 3885 1240 3973 puppes]
1263 3887 1379 3950 Similia
1402 3886 1529 3972 qnaedam
1547 3881 1621 3944 friso·

1036 3992 1123 4054 nibus
1144 3993 1297 4054 nonnullis
1318 3992 1472 4057 Oceanum
1489 3983 1622 4071 nungenti·

1086 3785 1253 3844 ³Monstra
1276 3785 1374 3844 littori
1402 3777 1622 3844 inculcationis·
1691 3805 1692 3838 i

355 4697 402 4736 am
416 4679 639 4761 specularetur,
662 4682 769 4741 emisso
782 4679 851 4740 illos
869 4679 974 4760 genios
1034 4695 1103 4736 nem
1124 4675 1202 4736 ultra
1222 4697 1286 4738 eam
1302 4675 1441 4740 Iliarmiae
1463 4655 1620 4758 partemii
1690 4643 1691 4684 ³

353 4795 444 4844 terum
458 4786 601 4847 tutelares
622 4785 678 4846 snb
692 4785 779 4848 variis
809 4797 839 4848 ct
862 4786 974 4846 anima·
1033 4805 1123 4868 quam
1153 4781 1286 4866 Norrcgi
1308 4783 1434 4844 naribus
1461 4773 1620 4861 appulerant,

356 4889 474 4949 linotet
494 4889 651 4970 gigantum
673 4891 778 4954 sororis
798 4893 972 4966 occurrisse,
1034 4893 1096 4954 sire
1111 4893 1191 4955 ultra
1208 4903 1304 4954 terras
1321 4887 1455 4972 cognitas
1469 4880 1553 4944 sitan.
