3458 5454
479 287 722 363 musanus
746 287 1042 358 HYLDETAND.
1283 289 1351 360 361

106 505 174 576 bns
191 511 387 599 parentare,
404 512 595 595 postquam
609 497 759 570 oraculo
780 499 909 596 paruit,
930 513 1061 595 optntae
1081 502 1129 570 rei
1153 495 1318 572 solatium
1334 503 1407 572 int-

106 629 266 723 petravit.
324 617 507 718 Siquidem
522 619 635 696 filium
653 618 857 706 exGuritba
877 625 1052 719 suscepit,
1082 623 1142 692 cui
1160 619 1317 694 llaraldo
1335 649 1408 694 vo-
1531 653 1539 662 ·

105 747 276 843 caballum
299 744 441 842 aptavit.
493 745 605 840 Cujus
627 739 726 816 titulo
747 746 934 816 Dacorum
954 767 1117 840 reguum,
1132 747 1334 842 principum
1349 748 1409 816 in·-

105 871 208 967 juriis
222 867 423 957 laceratum,
444 864 490 938 ad
507 867 694 963 pristinum
717 863 967 940 dominationis
975 863 1138 938 habitum
1155 891 1323 940 mancare
1339 893 1410 940 co-

106 1007 224 1080 natus,
245 988 344 1080 dum,
367 986 465 1061 bello
485 988 585 1086 apud
605 988 818 1062 Sialandiam
840 1003 960 1086 gesto,
982 991 1197 1075 Wesetum¹,
1219 990 1411 1088 praecipuae

106 1113 283 1210 opinionis
298 1109 480 1203 athletam,
498 1117 533 1182 in
555 1114 632 1186 acie
646 1127 844 1208 oppugnat,
862 1108 1044 1184 occiditur.
1107 1115 1188 1202 Quo
1205 1111 1282 1185 viso
1297 1114 1411 1183 Guri-

107 1233 181 1324 tbn,
202 1259 315 1331 quum
331 1232 457 1332 praelio
482 1235 532 1306 ob
554 1234 617 1306 filii
640 1236 818 1308 caritatem
844 1233 915 1306 sub
947 1233 1038 1306 virili
1068 1231 1194 1306 habitu
1221 1236 1412 1322 interesset,

107 1353 275 1446 eundem,
292 1355 511 1454 fugientibus
534 1361 638 1430 sociis
660 1355 824 1454 cupidius
847 1358 1085 1444 dimicantem,
1100 1354 1148 1429 ad
1166 1359 1412 1454 propinquum

108 1502 236 1552 uentus
251 1477 408 1550 humeris
423 1475 687 1575 deportandum
709 1481 853 1552 curavit.
915 1485 943 1550 Α
970 1479 1074 1577 cujus
1096 1480 1266 1552 insectatu
1291 1475 1412 1576 plori-

106 1625 208 1672 mum
224 1598 344 1676 hostes
359 1599 527 1675 lassitudo
542 1601 743 1700 proltibuit3
769 1627 925 1700 quorum
941 1600 1070 1698 aliquis
1087 1599 1322 1697 dependentis
1335 1625 1412 1698 py-

108 1747 194 1822 gaui
214 1723 337 1822 sagitta
357 1721 508 1798 confixit.
580 1726 689 1824 Igitur
711 1723 890 1810 Haraldns
918 1722 1001 1822 plus
1026 1723 1169 1798 ruboris
1201 1723 1269 1800 sibi
1302 1747 1413 1822 quam

109 1848 190 1944 opis
205 1861 362 1918 materna
379 1871 466 1918 cura
482 1845 626 1920 allatum
644 1849 861 1922 existimavit.
1035 1849 1038 1857 '
1443 1819 1451 1842 ⁸

243 1971 312 2060 Qui
327 1995 440 2067 quum
458 1971 593 2048 eximiae
608 1969 731 2044 sormae
756 1975 1022 2068 praeoipnaeqne
1052 1969 1300 2067 magnitudinis
1313 1982 1415 2057 esset,

110 2098 314 2191 coaevisqne
328 2091 460 2166 robore
476 2109 510 2166 et
523 2107 655 2166 statura
676 2111 871 2192 praestaret,
897 2109 1028 2166 tantam
1050 2095 1179 2185 Othini,
1202 2097 1305 2193 eujus
1325 2119 1413 2165 orn-

110 2213 196 2288 culo
210 2213 326 2288 editus
339 2215 537 2309 videbatur,
555 2213 808 2313 indulgentiam
825 2232 990 2313 expertus
1013 2217 1145 2305 luerat,
1171 2235 1208 2290 ut
1229 2221 1415 2316 integrita-

112 2341 156 2410 tis
174 2339 252 2437 ejus
264 2337 408 2412 babitus
422 2339 517 2412 ferro
535 2339 696 2436 quassari
710 2362 781 2412 non
803 2355 932 2436 posset.
994 2342 1075 2429 Quo
1090 2341 1214 2430 evenit,
1230 2357 1270 2414 nt
1290 2341 1415 2416 vulni-

112 2461 183 2534 fica
205 2459 283 2536 aliis
305 2458 375 2532 tela
393 2458 439 2532 ad
462 2460 643 2534 laesionem
672 2463 702 2534 ei
728 2459 954 2562 infligendam
985 2459 1154 2533 inhabilia
1177 2461 1415 2536 redderentur.

112 2588 187 2658 Nec
203 2585 339 2680 praemii
353 2586 456 2682 inops
470 2585 682 2660 Masticium
698 2587 771 2660 fuit.
833 2589 975 2656 Animas
991 2585 1127 2682 qnippe
1150 2587 1193 2675 ei,
1213 2609 1303 2684 quas
1321 2587 1417 2658 ferro

113 2706 331 2804 corporibus
344 2709 520 2805 ejecisset,
545 2709 723 2809 pollicitus
745 2709 918 2809 proditur.
979 2705 1076 2780 Idem
1100 2711 1134 2780 in
1161 2709 1418 2806 monimentum

113 2833 225 2926 patris
251 2830 329 2928 ejus
350 2855 407 2902 res
426 2849 543 2930 gestas
561 2832 660 2930 apud
675 2833 895 2932 Bleliinginm
911 2834 1002 2928 rupi,
1024 2829 1130 2924 cujus
1146 2835 1326 2924 memini²,
1350 2857 1418 2931 per
1521 2901 1522 2906 ,

113 2949 265 3024 artifices
285 2951 455 3027 mandare
473 2981 568 3029 curae
586 2953 719 3028 habuit.
787 2939 975 3041 Post'haec,
990 2979 1103 3052 quum
1121 2953 1300 3028 Weseturn
1318 2957 1419 3054 apud

113 3078 277 3150 &aniam
290 3078 429 3176 nuptias
444 3094 607 3151 actatum
624 3078 772 3168 audiret,
791 3103 926 3175 easque
947 3077 1017 3150 sub
1032 3084 1166 3174 egentis
1186 3081 1305 3176 specie
1320 3089 1419 3178 peti-

115 3201 235 3291 visset,
249 3199 523 3273 finitonoctium
541 3202 704 3274 convivio
727 3201 968 3300 omnibusque
992 3225 1090 3271 mitro
1108 3227 1149 3272 ae
1166 3226 1293 3276 somam
1314 3205 1419 3302 sopi-

114 3324 168 3411 tis,
183 3321 378 3420 nuptialem
395 3321 589 3396 thalamum
606 3325 708 3396 trabe
724 3321 888 3422 pertudit.
956 3323 1070 3420 Cujus
1092 3321 1242 3396 buccam
1258 3327 1420 3400 Wesetus

115 3449 162 3514 ita
178 3442 320 3542 absque
333 3443 486 3518 vulneris
503 3445 692 3519 inflictione
710 3447 800 3520 inste
817 3449 1008 3545 quassavit,
1034 3463 1070 3517 ut
1093 3445 1185 3520 binis
1202 3471 1280 3518 eam
1300 3445 1420 3518 denti-

115 3565 187 3640 bus
202 3567 454 3641 vacuefaceret.
506 3571 668 3661 Quorum
681 3568 853 3666 jacturam
870 3567 1100 3666 postmodum
1114 3572 1288 3668 insperata
1302 3568 1419 3641 mola-

115 3691 211 3762 rium
227 3693 364 3788 eruptio
383 3689 564 3763 sarciebat.
614 3695 682 3764 Hic
699 3709 846 3766 eventus
860 3690 1062 3788 Hyldetaud
1082 3692 1115 3762 ei
1137 3717 1333 3792 cognomen
1349 3694 1423 3764 im·
1526 3683 1528 3688 η

166 3898 354 3982 'WesetumJ
370 3903 417 3964 Dc
432 3901 491 3966 boc
512 3908 643 3974 Weseto
664 3906 741 3968 nibil
801 3905 973 3968 nominatur
994 3903 1026 3968 in
1052 3903 1186 3968 historiis
1212 3900 1357 3967 fabulosis
1385 3901 1424 3964 de

117 4005 240 4070 aliunde
255 4019 384 4070 constat.
432 4013 549 4072 Nomen
565 4011 674 4096 saepius
690 4033 743 4076 oe·
801 4014 897 4078 Ormo
918 4009 1094 4076 Storolfsnn
1115 4009 1202 4086 (ibid.
1237 4010 1298 4072 rol.
1325 4012 1364 4070 lli
1392 4029 1423 4090 p.

117 4113 225 4176 onrrit.
272 4115 458 4178 Recenaetur
478 4119 604 4182 Vesetus
620 4115 742 4201 quidem
802 4117 878 4198 211)
891 4133 923 4182 et
938 4117 1123 4180 'l'horsteino
1136 4113 1327 4198 Vibingssou,
1342 4108 1425 4195 (cap.

117 4220 200 4282 iuter
219 4221 337 4304 pugiles
359 4220 506 4285 Rolvoaia
525 4221 617 4300 (Edd.
637 4227 743 4286 seori.
801 4232 826 4308 1,
839 4224 983 4292 Fornald.
1002 4225 1073 4307 S'o’g.
1094 4221 1146 4284 vol
1168 4223 1195 4282 ll
1210 4241 1240 4302 p.
1249 4213 1333 4296 385.)

118 4351 152 4410 p.
179 4322 239 4394 152
267 4324 315 4390 ed.
340 4327 456 4406 Ilttslt).¹
500 4329 585 4394 Atius
616 4332 743 4398 Venetus
847 4338 965 4419 'Rupe
978 4333 1060 4413 eujus
1079 4325 1204 4404 maman]
1220 4329 1253 4386 ln
1269 4321 1425 4410 prefatio·

82 4510 85 4516 Ι
118 4430 331 4496 Borabolmiaa
357 4435 498 4521 princeps
535 4449 619 4514 erat,
656 4449 744 4519 pater
804 4461 842 4502 ne
855 4435 1010 4502 videlieet:
1027 4438 1136 4498 Veram
1151 4433 1234 4520 apud
1245 4432 1425 4514 Bleki‘nginm

118 4537 181 4600 Bni
196 4538 286 4602 massi
303 4549 333 4600 st
347 4541 478 4626 Sigurdi,
492 4543 544 4627 qui
557 4543 637 4606 inter
646 4545 745 4604 dotus·
804 4560 878 4632 upta
891 4545 1049 4606 meantibus
1062 4565 1147 4627 rupes
1163 4539 1304 4601 mirandis
1326 4540 1428 4600 luero·

118 4643 256 4708 vicenses
269 4644 460 4713 eminuerunt
477 4649 551 4728 (vid.
566 4651 644 4732 Saga
659 4645 748 4713 Olals
807 4675 869 4712 rum
883 4654 961 4712 nott's
979 4651 1162 4712 iirteratirretn
1177 4647 1361 4731 conspicitur.
1375 4646 1426 4722 (S)

120 4755 331 4838 'l'ryggvason
351 4775 417 4840 cap·
440 4745 498 4832 bl,
527 4751 570 4818 86
595 4755 627 4815 ἰιι
646 4759 672 4818 F
674 4775 746 4816 oru·
806 4759 853 4820 Ile
867 4775 913 4832 eo,
928 4755 1079 4819 cuibocce
1092 4761 1320 4816 monumentum
1334 4747 1430 4816 fuerit
1463 4839 1465 4844 Ι

122 4880 201 4922 man.
214 4863 285 4945 stig.
308 4863 369 4926 vol.
386 4867 399 4926 l
415 4887 444 4948 p.
465 4860 533 4938 155,
552 4859 633 4942 161.)
661 4860 743 4926 ldatn
808 4860 989 4939 dedicatum,
1006 4861 1065 4926 vid.
1084 4873 1149 4924 not.
1163 4858 1247 4922 uber.
