3446 5458
373 325 461 410 160Ι
719 317 893 392 luston.
909 317 1014 388 DAN.
1029 319 1166 388 Ltnnn
1180 316 1236 390 IV.

323 535 435 610 fauni
460 531 654 606 decernere
677 541 901 627 cogerentur.
972 531 1062 620 Qum
1079 551 1137 600 res
1157 531 1296 602 ailmeri
1319 533 1434 602 otiosa
1459 551 1532 600 non
1552 528 1620 618 iirit,

322 683 439 758 quum
453 661 543 752 ipse
571 657 805 726 extincturum
830 651 1003 748 imagines
1024 649 1284 726 lacessentibus
1305 649 1392 724 solis
1421 648 1532 724 radiis
1555 655 1619 722 inr-

322 779 435 854 rnensi
456 775 607 874 agminis
636 778 794 872 speeiem
818 770 953 845 darent.
1015 775 1066 844 Ita
1091 774 1186 844 enim
1209 775 1325 848 inune
1350 771 1410 846 ilia
1434 771 1619 851 defuneto-

321 927 403 976 rnm
417 895 609 974 simulacra
630 895 820 994 pristinum
847 893 999 968 militum
1023 917 1213 970 nurneruan
1240 895 1454 976 referebant.
1479 910 1519 970 at
1542 893 1617 968 nihii

322 1051 366 1100 ex
381 1047 508 1097 eorum
522 1043 633 1120 grege
646 1016 811 1091 hesterna
828 1033 947 1116 strage
964 1013 1188 1091 deminutum
1210 1035 1367 1116 putares.
1417 1022 1500 1113 Quo
1518 1041 1618 1116 aspe-

321 1163 384 1221 ctu
400 1147 509 1219 territi
532 1141 689 1216 Britanni
715 1163 877 1238 pugnam
902 1161 1127 1237 praecurrere
1147 1140 1245 1240 iuga,
1270 1145 1458 1214 amortuis
1473 1161 1619 1240 supera-

206 1274 208 1285 '
320 1276 357 1363 ti,
382 1291 475 1368 quos
488 1265 592 1340 vives
615 1278 879 1362 oppresserant.
937 1265 1027 1353 Quae
1053 1265 1201 1336 victoria
1235 1268 1356 1337 nascio
1389 1261 1552 1338 calidior
1581 1287 1620 1334 an

321 1393 459 1468 felicior
471 1381 701 1461 existimanda
719 1388 772 1466 sit.
826 1386 901 1456 Rex
915 1381 1004 1456 dum
1020 1392 1167 1484 segnius
1179 1385 1302 1487 fugam
1318 1385 1477 1476 intendit,
1490 1385 1538 1457 ab
1554 1388 1620 1458 inr-

320 1511 539 1588 minentibus
552 1513 739 1608 perimitur
753 1509 873 1581 Danis.
919 1507 1040 1580 Victor
1054 1505 1252 1598 Amiethus,
1268 1514 1399 1608 ingenti
1412 1507 1539 1606 preda
1551 1525 1620 1581 aeta

321 1631 578 1733 convulsisque
593 1635 782 1706 Britanniae
797 1629 934 1728 spoliis,
949 1631 1102 1726 patriam
1120 1655 1204 1704 cum
1220 1631 1438 1732 conjugibus
1459 1633 1557 1730 petit.
1680 1648 1682 1658 ’

452 1759 600 1848 Interea,
615 1755 785 1829 defuneto
799 1754 941 1845 Rtirico,
968 1749 1148 1848 Vigletns¹
1169 1777 1321 1854 regnum
1344 1753 1515 1853 adeptus,
1532 1759 1621 1826 -Arn-

320 1879 404 1956 lethi
420 1895 571 1952 matrem
588 1879 687 1952 omni
703 1876 905 1976 petulantiae
924 1899 1055 1975 genere
1072 1874 1255 1976 fatigatam
1278 1879 1384 1977 regiis
1403 1875 1539 1975 opibus
1559 1901 1620 1950 va-

321 2003 534 2094 cuefecerat,
558 1999 674 2073 filium
690 2001 780 2097 ejus,
797 1987 964 2073 iraudatc
978 1997 1193 2072 Lethrarum
1215 2025 1311 2100 rege,
1337 2000 1397 2073 cui
1421 1998 1620 2099 dignitatum

320 2127 403 2226 jura
435 2123 549 2200 dandi
581 2119 802 2219 tollendique
844 2121 904 2220 jus
936 2126 1064 2212 esset2,
1104 2124 1209 2196 Jutie
1243 2146 1394 2222 regnum
1431 2143 1621 2221 occupasse

320 2261 548 2347 conquestus.
599 2250 717 2339 Quam
735 2271 812 2318 rem
828 2241 1013 2318 Amlethus
1028 2247 1124 2317 tauta
1138 2249 1244 2318 animi
1259 2243 1503 2318 moderatione
1519 2269 1621 2318 exee-

321 2360 449 2469 pit‘ut,
467 2367 608 2468 Vigleto
626 2365 923 2470 splendidissimis
939 2367 1097 2440 victoriae
1113 2391 1189 2440 suae
1206 2365 1386 2442 manubiis
1401 2363 1548 2459 donato,
1561 2393 1619 2440 ea·

320 2483 492 2568 iumttiam
509 2491 685 2566 beneficio
701 2488 900 2590 rependere
916 2486 1107 2562 videretur.
1159 2493 1276 2582 Quem
1290 2487 1536 2588 posunodum,
1547 2497 1620 2564 exi-

320 2611 447 2714 gendoe
465 2612 607 2688 ultionis
624 2619 813 2688 occasione
828 2627 1006 2709 suscepta,
1027 2609 1126 2685 hello
1140 2611 1341 2686 lacessitum
1360 2610 1502 2703 devicit,
1523 2629 1620 2712 atque

321 2763 364 2811 ex
390 2735 670 2836 occurerrunt
701 2735 909 2808 manifestus
932 2735 1052 2808 evasit
1117 2732 1310 2808 Fiallerum
1332 2735 1618 2835 Scaututprase-

320 2860 438 2936 etam³
460 2857 565 2932 exilio
588 2856 725 2957 adogit3
754 2879 866 2957 quern
889 2854 936 2929 ad
959 2855 1102 2950 lecum,
1134 2863 1191 2931 cui
1208 2849 1469 2932 [Undensaisre⁴
1490 2881 1619 2936 nornen

320 2997 392 3075 est,
417 2985 546 3056 nostris
571 2983 732 3079 ignotum
752 2977 915 3079 populis,
950 2985 1168 3054 concessisse
1192 2995 1245 3062 est
1266 2979 1370 3054 fama.
1444 2981 1619 3056 Post-haec

320 3125 468 3200 quamn
479 3101 631 3201 vigleto,
647 3103 781 3176 Scaniae
796 3098 1058 3200 Siniandioeque
1075 3101 1215 3176 ⁷viribus
1233 3119 1406 3196 recreato,
1421 3101 1620 3205 perlegeres

322 3222 369 3296 ad
384 3222 522 3298 bellum
539 3240 810 3322 provocaretur,
819 3225 970 3298 mirifica
980 3227 1088 3298 animi
1102 3224 1273 3300 industria
1289 3223 1381 3300 duas
1396 3232 1493 3300 circa
1508 3251 1547 3302 se
1559 3251 1620 3316 ms,

323 3371 480 3446 quarum
500 3345 601 3420 adteri
614 3347 803 3444 probrum,
818 3347 917 3421 alteri
931 3346 1133 3447 periculum
1150 3350 1290 3442 inesset,
1315 3347 1482 3425 fluctuari
1504 3351 1619 3450 perri·-

322 3469 385 3544 dit.
406 3481 410 3492 '
437 3469 579 3543 suebat
593 3474 732 3568 quippe
746 3469 826 3562 sibi,
841 3471 872 3544 si
889 3472 1183 3568 provocationem
1199 3489 1421 3571 sequeretur,
1447 3471 1620 3546 imminere

203 3689 207 3697 Ι
322 3593 404 3666 vitoe
417 3590 641 3691 perieulum,
657 3593 689 3666 si
705 3591 896 3694 refugeret,
912 3597 1042 3668 instare
1063 3594 1195 3668 miiitiae
1210 3595 1398 3694 probrum.
1451 3599 1619 3696 Praepon-

322 3709 461 3789 derarit
479 3731 595 3788 tamen
624 3718 661 3786 ira
685 3714 968 3815 contemplatore
995 3721 1168 3793 virtutum
1198 3715 1317 3790 animo
1338 3717 1527 3792 servande
1554 3718 1616 3792 bo·

322 3843 466 3912 aestatis
491 3836 647 3936 cupide,
667 3837 885 3937 obtuditque
909 3835 1020 3912 cladis
1043 3837 1269 3915 formidinem
1288 3843 1488 3948 impensior
1515 3839 1619 3916 iaudis

321 3957 490 4054 aviditas,
529 3986 575 4035 na
598 3961 741 4041 solidus
765 3961 888 4062 gloriae
914 3959 1036 4062 iulgor
1063 3962 1272 4038 meticadosa
1299 3964 1361 4038 fati
1394 3961 1618 4080 declinatione

327 4305 331 4316 ,
368 4250 545 4336 'Vr'gletns]
577 4255 624 4314 De
649 4252 775 4338 Vigleto
796 4249 856 4316 vid.
881 4263 945 4342 not.
978 4247 981 4258 ¹
1050 4253 1231 4315 'Fiallerum
1254 4255 1368 4315 Scantia
1384 4247 1563 4340 praefectum]
1576 4251 1617 4312 De

321 4355 407 4424 aber.
1006 4355 1141 4422 Finllero
1163 4357 1213 4420 uii-
1233 4369 1362 4430 nonant.
1411 4357 1557 4453 Quasdam
1572 4352 1616 4414 :te

367 4465 728 4527 ²Frandatoletdraram
747 4487 826 4546 rege,
840 4466 890 4524 cui
900 4462 948 4524 di·⁵
1005 4462 1266 4534 nomineFittiletd
1284 4465 1415 4534 tolient·
1429 4479 1500 4534 tuni
1517 4465 1548 4528 in
1570 4480 1617 4522 no·

320 4577 470 4656 gunitarum
489 4577 564 4656 jura
586 4572 681 4637 dandi
698 4571 872 4651 adunatque
894 4569 948 4649 jus
1005 4565 1261 4638 tiajabniaribm·

321 4674 411 4757 eant]
438 4675 602 4769 Quomodo
627 4676 697 4744 hnc
731 4675 857 4744 martio
876 4692 946 4734 cnm
1051 4673 1278 4756 illudentem]
1297 4679 1347 4741 tte
1367 4675 1464 4744 hocne
1482 4695 1553 4761 agna
1570 4672 1617 4734 im·

321 4794 391 4850 toto
413 4795 520 4847 tenore
540 4783 677 4848 historie
695 4780 833 4846 Aeterni
848 4779 947 4847 cota·
1005 4779 1180 4848 mortalium
1196 4779 1254 4844 rid.
1270 4796 1333 4847 unt.
1348 4783 1434 4850 uben

321 4899 399 4964 reat,
413 4886 483 4948 vide
495 4889 527 4948 in
543 4888 624 4949 netis
636 4885 835 4952 uberioribus.
