3548 5470
362 272 387 342 8
811 266 1112 336 PRAEFATIO.

309 463 367 548 res
388 487 516 573 gestas
540 494 713 570 cognosse
738 471 986 570 memon'eeque
1000 469 1181 551 mandare
1215 470 1411 572 oolrptatis
1438 471 1518 546 loco
1548 495 1611 542 re-

306 622 457 710 putant,
474 631 548 680 nou
563 604 711 678 minoris
724 603 851 704 gloria
856 603 1067 703 judecantes
1082 605 1226 678 abenas
1238 608 1388 678 m'rtutes
1401 605 1612 694 desserere1,

310 740 607 843 quamproprias
623 737 796 812 celtibera.
850 743 1011 839 Quorum
1025 737 1213 814 thesauros
1225 740 1476 814 historicarum
1493 764 1614 812 reram

307 875 518 978 pignoribus
530 873 704 972 refertos²
724 871 1114 962 curiosius-consulens,
1136 874 1241 947 baud
1247 899 1413 975 parvam
1421 875 1613 974 praesentes

312 1015 582 1112 operispartem
595 1032 643 1080 ec
658 1006 976 1081 eorumrelationis
998 1007 1193 1082 imitatione
1207 1008 1397 1096 contexui,
1422 1032 1488 1082 nec
1512 1008 1615 1082 arli-

313 1160 388 1218 tros
404 1141 538 1216 babere
558 1143 767 1242 contempsi,
792 1166 882 1241 quos
899 1143 1006 1214 tanta
1026 1143 1216 1214 acassam
1232 1143 1368 1244 peritia
1391 1143 1524 1214 callere
1547 1168 1616 1216 co-

308 1279 427 1378 gnovi.
448 1275 856 1356 NecnanusAbsalonis
869 1277 1033 1348 asserta³
1047 1276 1234 1365 sectando,
1244 1303 1325 1378 qtae
1338 1277 1400 1350 vel
1404 1278 1478 1379 ipse
1489 1281 1617 1376 gessit,

313 1411 374 1484 vel
387 1409 436 1484 ab
450 1411 534 1484 aliis
547 1425 655 1509 gesta
661 1409 867 1512 perdidicit,
892 1408 1001 1484 docili
1015 1409 1139 1484 animo
1152 1411 1311 1511 sploquc
1324 1413 1508 1514 complecti
1518 1438 1617 1486 curce

312 1545 447 1634 babai,
470 1544 694 1618 ueneranda
707 1544 786 1642 ejus
806 1543 1033 1617 narratiom's
1053 1541 1302 1616 mcunaenaem
1316 1545 1469 1646 perinde
1490 1571 1538 1620 ac
1550 1547 1616 1630 ‚di-

321 1682 440 1754 uinum
456 1677 606 1779 aliquod
622 1677 870 1777 magisterium
887 1677 1124 1778 anqsleaatus.
1330 1659 1333 1668 ⁴

239 1784 241 1795 ¹
451 1818 498 1886 Te
511 1837 613 1912 ergo,
630 1813 803 1886 salutaris
810 1812 1003 1914 princeps*
1021 1837 1069 1886 ae
1077 1837 1220 1914 parens
1242 1829 1383 1903 noster,
1407 1814 1511 1912 cujus
1528 1813 1615 1888 ellae-

315 1948 527 2020 strissimam
541 1973 567 2018 a
574 1948 706 2048 piiscis
715 1945 926 2056 tenporibus
935 1947 1153 2048 prosapiam
1160 1947 1318 2020 dicturus
1332 1973 1426 2037 seme,
1449 1949 1615 2022 clarissi-

315 2107 378 2153 ma
392 2081 456 2154 lua
463 2082 617 2183 patria,
641 2088 682 2156 V
677 2081 857 2156 olelcmare
856 2137 872 2170 ,
879 2080 1024 2154 mamm
1037 2082 1170 2156 ahorn
1183 2081 1290 2182 buirus
1295 2107 1529 2184 progressam
1535 2083 1616 2181 fa·-

315 2238 402 2287 vore
416 2203 589 2315 prosequi
604 2240 709 2313 rogo,
735 2217 821 2315 quia
838 2216 1017 2315 propositi
1033 2215 1195 2318 pondere
1215 2218 1442 2288 constrictus⁵
1473 2241 1614 2304 uereor,

314 2332 362 2422 ne
376 2349 494 2447 rengis
515 2350 699 2451 impen‘tim
711 2373 801 2424 mete
817 2348 977 2423 trabium
1000 2350 1204 2452 argentique
1229 2349 1441 2422 debilitatem
1453 2349 1617 2451 patefa-

316 2581 398 2646 hand
422 2579 513 2646 dubie
536 2582 681 2668 cogitavit
705 2581 743 2646 de
764 2583 825 2647 illis
848 2585 941 2646 Islan·
995 2605 1082 2670 psam
1101 2583 1222 2680 uberius
1251 2586 1282 2646 in
1307 2583 1532 2670 prolegomenis
1557 2596 1616 2646 tra·

316 2687 379 2767 dis,
423 2710 498 2774 quos
532 2690 596 2774 ipse
639 2688 745 2752 habuit
785 2689 940 2774 cognitos,
996 2689 1151 2754 ctarimus.
1190 2755 1192 2760 ,

315 2797 407 2874 tales,
450 2796 504 2880 qui
532 2799 613 2868 aulas
636 2816 742 2882 regam
772 2795 940 2858 borealium
1040 2791 1617 2874 ’AbsalonisnssertdAmemasubstan-

316 2900 398 2964 adire
412 2900 562 2980 solebant,
582 2914 617 2964 ut
639 2903 687 2965 rel
711 2901 845 2966 earmina
865 2922 941 2986 pan·
993 2899 1056 2964 tire
1081 2899 1231 2984 positum,
1257 2898 1510 2984 quemadmodum
1535 2923 1617 2986 saepe

315 3005 415 3090 gendo
432 3007 482 3068 vel
508 3006 648 3069 historias
674 3005 850 3092 fabulasque
872 3029 941 3068 nar·
993 3019 1132 3069 auctores
1150 3005 1241 3068 medii
1266 3005 1332 3066 mvi.
1346 3001 1394 3085 (S)

315 3108 571 3195 1'andoquaestum
590 3113 648 3175 sibi
669 3110 821 3190 facerenl3
841 3110 878 3174 de
892 3111 939 3174 his
1038 3116 1103 3174 ‘Te
1120 3137 1200 3194 ergo,
1220 3108 1511 3197 salutartsprinceps]
1527 3113 1617 3173 com-

316 3212 837 3301 ribSagabibliotbebV.3p.10.
993 3218 1090 3302 pellat
1118 3215 1164 3278 his
1190 3216 1288 3279 verbis
1314 3217 1392 3279 Saxo
1414 3217 1530 3298 Regem
1555 3219 1617 3278 Da-

361 3324 518 3384 ¹Virtutes
544 3319 695 3404 disserere]
710 3327 858 3386 Disserere
881 3349 939 3386 rem
995 3323 1054 3384 nias
1080 3321 1295 3390 valdemarum
1322 3325 1373 3401 ll,
1408 3321 1494 3404 cujus
1515 3334 1615 3385 lamen

315 3427 448 3488 occurrit
474 3427 555 3512 apud
590 3429 747 3494 Valerium
778 3428 939 3491 Maximum
995 3427 1153 3490 historiam
1183 3449 1245 3490 non
1277 3427 1416 3512 attingit,
1446 3429 1477 3488 in
1497 3431 1616 3492 Canuto

313 3533 381 3597 Lib.
409 3537 452 3602 Vl
483 3557 551 3620 cap.
579 3533 608 3597 9.
633 3545 691 3596 ext.
718 3532 861 3597 lomissn
894 3557 941 3605 re,·
996 3533 1141 3597 desinens.
1166 3533 1216 3614 (S)
1264 3533 1392 3596 Phrasin
1421 3533 1457 3595 de
1477 3537 1617 3622 principe

314 3663 398 3725 qaam
414 3643 578 3705 disserebat.
993 3641 1117 3702 salutari
1142 3652 1244 3702 noster
1277 3661 1295 3702 a
1332 3641 1454 3704 Valerio
1485 3643 1616 3707 Maximo
1664 3622 1667 3630 Ι

360 3749 546 3809 ²Tlsesaaros
563 3772 656 3807 rerum
671 3747 873 3808 lu'storr'earum
885 3743 937 3835 pi·
992 3759 1143 3808 mutuatus
1171 3758 1232 3820 cst,
1262 3744 1314 3828 qui
1344 3745 1380 3806 dc
1407 3745 1616 3813 incolumitate

311 3853 451 3936 gnors'las
479 3849 615 3936 refertos]
640 3851 774 3936 Pignora
788 3852 937 3916 dicuntur
990 3853 1127 3916 salutaris
1142 3851 1288 3936 principis
1306 3852 1440 3936 loquitur
1456 3853 1522 3916 Lib.
1539 3857 1616 3936 vlit,

312 3969 489 4041 argumenta
507 3957 739 4044 firmationes,
765 3957 872 4042 quibus
886 3979 938 4019 ve·
993 3955 1041 4032 13,
1063 3956 1092 4024 1.
1251 4041 1253 4046 Ι

312 4063 386 4126 ritas
406 4061 450 4125 rei
465 4061 590 4144 alicujus
607 4059 765 4124 evincitur.
788 4065 832 4124 Ita
848 4065 936 4129 Vale·
1036 4065 1140 4148 ⁵(luia
1143 4069 1291 4149 propositi
1292 4063 1421 4149 pondere
1430 4067 1616 4149 constrictus]

314 4169 375 4230 rius
397 4169 541 4232 Maximus
561 4167 628 4231 Lib.
645 4171 684 4246 V,
709 4167 739 4245 2,
759 4163 794 4229 4:
829 4173 935 4233 Nescio
992 4167 1042 4231 sic
1058 4169 1197 4231 Valerius
1217 4171 1361 4232 Maximus
1384 4169 1437 4231 lib.
1457 4175 1483 4233 ll
1497 4193 1565 4257 cap.
1586 4174 1616 4254 7,

314 4301 353 4337 au
371 4283 518 4364 praeiprae
542 4279 722 4337 Massinissa
744 4277 821 4356 regis
834 4293 939 4361 pectus
993 4271 1022 4336 6.
1072 4277 1150 4358 (luia
1175 4262 1372 4338 a'm'madvereo
1381 4276 1453 4360 sore
1461 4324 1473 4350 ,
1492 4297 1525 4340 ut
1538 4305 1616 4366 pou-

312 4389 398 4462 grati
423 4389 514 4444 ananei
530 4383 705 4468 pignoribus
725 4379 824 4464 fucrit
850 4383 939 4465 reser-
994 4383 1060 4443 dere
1082 4381 1192 4449 laudis,
1212 4404 1295 4464 quam
1309 4387 1465 4456 necrurstis,
1486 4386 1615 4466 obrutus,

314 4503 382 4545 tum.
424 4489 470 4547 Ex
489 4486 587 4548 verbis
605 4485 730 4551 Saxonis
752 4505 814 4547 non
833 4485 939 4570 liquet,
993 4493 1087 4570 magis
1104 4489 1320 4549 irubect'llt'tatem
1343 4491 1522 4570 t'ngent‘t'met'
1537 4494 1615 4554 dete·

315 4597 416 4650 utrum
445 4589 593 4653 librorum
619 4591 773 4654 volumina
803 4613 841 4652 an
867 4615 936 4654 nar·
990 4619 1080 4677 garri,
1104 4618 1187 4678 qvam
1215 4611 1339 4655 cestram
1361 4597 1516 4664 rietatem,
1540 4602 1614 4660 secut

315 4694 446 4756 rationes
474 4715 527 4758 oro
550 4697 676 4759 traditas
697 4717 752 4780 per
774 4696 847 4758 istos
869 4699 934 4760 the·
986 4727 1046 4786 par
1060 4719 1116 4772 est,
1135 4717 1337 4786 representem.
1352 4699 1401 4778 (8)

315 4821 419 4863 sauros
434 4800 624 4864 intellexerit.
680 4802 884 4890 Quaestionem
911 4807 934 4866 i·
