3520 5462
351 297 422 372 116
675 297 848 368 tristor.
871 297 976 370 DAN.
997 299 1135 372 Lusit
1159 299 1214 370 111.

295 511 405 584 sentis
425 532 567 608 pugne)⁴
588 507 772 582 victoriam
788 509 956 605 patientia
973 507 1232 608 capessendam
1249 523 1405 586 testatus.
1464 511 1511 584 At
1525 505 1602 584 ho-

294 633 370 724 stis,
391 625 585 704 missilibus
601 627 700 702 nulla
719 655 770 704 cr
788 645 890 730 parte
906 628 1085 722 cohibitis,
1109 629 1308 729 iisdemque
1330 655 1398 730 per
1421 652 1603 705 summam

295 751 482 854 pugmndi
497 751 727 851 cupiditatem
742 751 874 842 effusis,
899 749 972 826 boc
994 751 1135 828 avidius
1156 751 1277 828 hastas
1291 777 1335 826 ac
1358 750 1500 851 spicula
1519 766 1604 828 tor—

295 901 409 976 querc
419 881 545 974 coepit,
570 899 646 972 quc
662 873 862 948 Htitberum
881 872 996 950 iubis
1021 873 1239 974 excipiendis
1261 876 1453 973 patientius
1475 897 1514 948 se
1527 899 1601 974 ge-

294 1023 373 1072 rere
386 997 571 1096 comperit.
611 998 712 1090 Qum
738 999 869 1096 partim
896 1003 1006 1072 scutis
1037 1003 1170 1098 partim
1186 997 1337 1096 navigiis
1357 994 1464 1068 infixa
1477 1019 1602 1070 rarum

294 1118 427 1194 dedere
441 1117 591 1211 vtrlnus3
616 1117 806 1218 complura
829 1121 970 1194 innoxia
985 1145 1028 1193 ac
1050 1119 1182 1194 frustra
1205 1117 1422 1194 videbantur
1443 1142 1602 1195 cxmrssa·

293 1239 478 1342 Siquidem
484 1237 631 1313 Hotheri
641 1239 779 1330 milites,
786 1245 883 1342 regis
897 1246 1088 1341 inperium
1102 1241 1329 1340 exequentes,
1348 1255 1603 1338 receptante-

246 1444 248 1452 s
293 1366 414 1440 lorum
430 1364 503 1438 rim
519 1378 683 1436 conserta
699 1362 911 1462 clypeorum
925 1363 1122 1438 testudine¹
1148 1361 1391 1462 repellebant,
1416 1387 1485 1436 nec
1497 1385 1604 1437 rarus

294 1485 442 1586 quidem
461 1510 588 1558 corum
612 1509 784 1560 numerus
799 1503 885 1578 erat,
910 1513 992 1586 quae
1014 1485 1084 1560 levi
1105 1487 1179 1558 ictu
1201 1483 1420 1558 umbonibus
1445 1485 1604 1582 impacta

292 1609 465 1684 fluctibus
483 1605 698 1680 incidebant.
758 1611 924 1701 Quorum
946 1610 1105 1682 omnium
1130 1611 1237 1704 copia
1256 1606 1485 1682 vamefactus
1508 1603 1603 1678 Gel-

294 1732 414 1822 derus,
442 1729 529 1803 dum
545 1727 672 1802 eadem
685 1731 733 1803 ab
752 1728 917 1806 hostibus
942 1748 1107 1828 correpta
1122 1729 1274 1802 alacrius
1289 1733 1325 1800 in
1340 1753 1380 1802 ss
1402 1729 1605 1826 retorqueri

294 1859 534 1952 conspiceret,
567 1849 649 1924 mali
673 1877 846 1928 cacumen
868 1858 1022 1954 puniceo
1044 1868 1147 1928 scuto
1163 1851 1395 1950 complexus²
1416 1847 1603 1945 (indicium

293 1975 332 2050 id
358 1975 457 2074 pacis
475 1972 565 2070 erat)
585 1973 689 2048 saluti
712 1973 891 2050 deditione
912 1974 1102 2050 consuluit.
1160 1977 1276 2067 Quem
1298 1970 1479 2052 Htitherus
1503 1973 1603 2044 ami-

293 2100 435 2172 cissimo
465 2094 569 2171 vultu
608 2097 937 2198 benignissimoque
965 2122 1131 2172 sermone
1158 2111 1348 2194 exceptum
1377 2119 1450 2188 non
1482 2097 1603 2170 minus

293 2217 510 2294 humanitate
526 2243 635 2319 quam
651 2235 726 2292 arte
739 2218 953 2318 perdomuit.
972 2241 975 2249 ’

423 2343 479 2414 Ea
493 2357 703 2440 tempestate
711 2341 839 2442 Helgo‚
852 2342 1018 2442 Halogiac
1029 2365 1103 2432 rex,
1118 2343 1280 2432 Cononis,
1293 2341 1603 2416 Ftnuorumssiar-

293 2487 511 2562 morumque
531 2467 739 2564 principis³,
760 2463 882 2557 filiam,
897 2469 1042 2540 nomine
1063 2460 1232 2554 Thoram‚
1254 2461 1392 2536 crebrae
1408 2459 1603 2560 ¹legationis

292 2583 410 2658 officio
424 2585 654 2684 precabatur.
705 2586 818 2679 Adeo,
832 2587 936 2688 quod
951 2613 1019 2688 per
1037 2586 1209 2660 seminus
1225 2581 1384 2660 validum
1399 2597 1471 2673 est,
1495 2581 1605 2656 alieni

293 2707 455 2809 indigum
469 2713 639 2783 noscitur.
691 2713 782 2781 Nam
796 2735 880 2784 cum
901 2712 981 2809 ejus
1003 2714 1174 2808 temporis
1196 2706 1367 2806 jurenes⁴
1387 2707 1603 2780 matrimonii

292 2829 570 2931 postulationem
597 2833 745 2929 propria
772 2854 865 2905 voce
889 2829 1135 2931 prosequendi
1157 2825 1452 2907 consuetudinem
1477 2825 1603 2910 habe-

291 2969 381 3044 rent,
406 2951 466 3026 bic
488 2969 588 3026 tanto
609 2956 682 3026 cris
698 2955 782 3028 titio
798 2953 937 3028 obsitus
951 2969 1038 3048 crat,
1061 2970 1191 3028 utnon
1217 2950 1337 3026 solum
1357 2967 1511 3044 exteras,
1532 2951 1604 3026 sed

291 3081 398 3148 etiam
416 3073 629 3148 domesticas
648 3098 753 3148 aures
768 3075 1007 3150 erubesceret.
1058 3073 1165 3150 Adeo
1175 3073 1356 3149 calamitas
1370 3078 1485 3150 omnis
1503 3099 1604 3156 con-
1624 3097 1632 3108 ·

291 3198 385 3270 scios
416 3200 511 3270 vitat
569 3198 636 3268 Eo
657 3195 835 3296 siquidem
856 3213 990 3272 naturae
1011 3196 1144 3272 dotrina
1167 3195 1372 3271 molestiora
1396 3213 1497 3288 sunt,
1520 3221 1603 3296 quo

291 3313 463 3416 liquidius
487 3334 619 3414 patent.
677 3321 795 3417 Hujus
816 3321 911 3392 Cuso
932 3318 1110 3421 legatione
1132 3336 1273 3420 spreta,
1307 3321 1477 3419 conjugio
1499 3318 1604 3392 iudi-

288 3465 403 3538 gnum
419 3439 616 3538 respondit,
641 3447 716 3541 qni,
729 3446 878 3540 pmpria
898 3467 1028 3541 parum
1043 3448 1173 3528 virtute
1188 3441 1373 3532 subnixus,
1390 3439 1444 3513 ad
1463 3439 1501 3514 id
1523 3445 1603 3514 im-

288 3559 508 3662 petrandum
528 3567 692 3662 precaria
720 3581 943 3640 mutuaretur
976 3564 1101 3638 officia,
1169 3563 1277 3659 Quod
1305 3560 1453 3639 audiens
1480 3563 1604 3664 Helge

290 3683 501 3772 Htitherum,
521 3711 632 3784 quern
650 3683 825 3783 politioris
848 3685 1025 3762 facundiae
1042 3705 1212 3779 noverat,
1237 3693 1311 3762 suis
1333 3686 1456 3762 lavere
1472 3685 1604 3762 studiis

290 3806 524 3898 obsecrabat,
560 3806 724 3882 alacriter
750 3835 808 3902 se,
831 3808 1006 3910 quicquid
1037 3815 1077 3888 is.
1101 3815 1327 3911 imperasset,
1363 3825 1603 3898 executurum

334 4127 345 4161 ¹
357 4123 499 4188 Comerta
515 4125 678 4212 cirpecrum
695 4123 851 4208 testcdrite]
863 4130 910 4190 De
969 4129 1085 4212 Haans
1095 4125 1204 4214 cap-⁴3,
1218 4125 1481 4212 Fornaldnrsdgur
1493 4129 1553 4194 vol.
1567 4133 1602 4196 11

290 4226 441 4291 testudine
459 4227 517 4292 vid.
532 4243 596 4293 not.
610 4229 662 4293 ub.
968 4256 999 4318 p.
1020 4229 1096 4314 116,
1117 4237 1196 4320 Saga
1212 4220 1386 4300 (lrvmoddi
1405 4253 1471 4320 cap.
1485 4231 1507 4298 4
1521 4234 1602 4304 ibid.
1706 4223 1709 4229 ¹

335 4337 438 4398 ²Mati
459 4359 592 4399 cacumen
605 4343 731 4424 puniceo
744 4354 913 4400 scutorum·
969 4339 1070 4404 volll
1091 4362 1123 4426 p.
1137 4337 1201 4404 173
1223 4351 1300 4425 etp.
1314 4337 1386 4404 511.

277 4435 405 4524 picem]
421 4439 541 4505 Deisto
553 4461 639 4504 more
654 4441 714 4508 vid.
729 4440 889 4506 notnbcr.
1016 4445 1113 4508 *cum
1135 4447 1198 4528 ejus
1221 4449 1359 4533 temporis
1372 4443 1510 4528 J'ttwttec}
1534 4447 1602 4510 lle·

334 4545 664 4618 ³Cusom's,Fr'rmorcun
679 4553 915 4632 Br'rarmorumque
971 4550 1070 4634 spexit
1098 4563 1187 4614 sutor
1211 4549 1250 4614 od
1277 4567 1379 4614 mores
1400 4550 1603 4632 cucetotb,

284 4647 445 4735 prsitcipis]
460 4653 577 4714 Nomen
586 4653 660 4716 Gut
677 4650 708 4714 in
717 4653 807 4718 variis
821 4653 916 4716 bisto—
971 4675 1031 4740 qus
1045 4655 1218 4739 optinentes,
1230 4654 1379 4740 imprimis
1396 4675 1469 4720 vetto
1482 4654 1603 4742 princi-

150 4840 155 4848 ·
289 4751 537 4819 riisislondorum
550 4759 676 4822 minoris
686 4757 758 4822 fidei
771 4757 913 4822 tribuitm
971 4779 1035 4845 pes,
1054 4779 1111 4846 per
1124 4773 1305 4846 proxenetas
1321 4761 1533 4847 procationem
1549 4760 1603 4824 iu-

288 4857 410 4942 regibus
428 4858 596 4927 Finnornm
621 4887 649 4928 r.
672 4883 698 4928 c.
729 4865 808 4947 Saga
833 4862 913 4927 Iletil
970 4865 1096 4930 stituere
1110 4866 1257 4934 solebant.
