3548 5470
679 329 921 410 nannetis.
1359 335 1408 410 bl

147 535 230 618 πώ*
244 543 371 618 οΜ
383 545 507 644 spico¹
525 560 591 618 eeu
605 543 993 647 pectinilenodstlone
1014 541 1262 635 decumae,
1283 543 1458 644 applicari

148 665 286 742 imm
299 665 502 742 mentm
515 674 653 744 sentiet:
715 673 836 744 illuct·
854 671 1040 768 occupetis
1053 665 1147 742 solet
1161 666 1298 740 mutela
1314 672 1460 766 pes-qui·

148 793 187 860 ri.
233 779 390 865 Restm
407 805 471 863 tua
486 804 539 864 tot
554 791 731 867 scelerum
748 791 878 868 vindex
892 789 1049 866 secedat.
1102 791 1206 867 Pium
1222 803 1278 866 est
1299 789 1461 865 ultricem

150 916 522 988 miserorummanum
546 913 747 990 estendere.
873 931 878 936 '

249 1035 400 1110 Talibus
421 995 602 1112 iniistente
634 1037 795 1128 Uluiida,
827 1038 884 1112 vir
918 1040 1166 1136 suggestione·
1180 1037 1296 1110 rietus
1325 977 1462 1113 insidiis

150 1178 300 1256 operam
314 1157 516 1258 pollicetur.
547 1163 683 1236 Interea
698 1160 884 1262 lladingus
899 1161 1021 1260 generi
1038 1158 1163 1234 dolum
1181 1183 1309 1234 cavete
1323 1165 1462 1236 somnio

37 1329 40 1333 -
152 1283 317 1373 monime,
341 1290 453 1382 petito
468 1288 647 1375 convivio,
671 1283 772 1384 quod
788 1287 822 1358 ei
836 1281 911 1356 filia
934 1286 1087 1356 cannis
1109 1282 1335 1356 simulatione
1357 1307 1461 1384 pors-

153 1419 263 1496 emat,
278 1391 497 1480 armatorum
512 1427 588 1479 non
601 1403 711 1508 louge
723 1405 890 1508 presidia
906 1408 1037 1500 statuit,
1052 1403 1188 1505 quibus
1201 1403 1396 1480 adversum
1409 1413 1464 1480 iu·

152 1525 270 1618 sidius,
289 1553 375 1602 eum
388 1551 449 1602 rm
468 1528 642 1627 exigeret,
667 1545 838 1604 uteretur.
886 1531 970 1623 Quo
985 1526 1108 1600 cibum
1121 1530 1307 1625 wcupiente,
1321 1527 1463 1606 satelles

153 1655 189 1728 tu
202 1645 342 1724 inedie
361 1651 596 1724 ministetium
610 1648 779 1742 adscitus,
804 1647 984 1726 occultato
998 1647 1070 1724 sub
1086 1649 1309 1741 vescens,
1325 1660 1475 1750 oppon·

156 1786 282 1844 tunom
295 1769 420 1846 sceleri
439 1785 583 1872 tempus
596 1776 724 1848 tacitus
746 1771 969 1872 expectabat
1031 1773 1113 1866 Quo
1131 1795 1195 1846 rex
1215 1770 1465 1848 animadverso

156 1890 341 1968 collocatis
362 1893 400 1966 in
419 1893 538 1968 vicino
564 1891 738 1968 militibus
763 1899 904 1995 signum
928 1891 1018 1969 lituo
1035 1891 1145 1967 dedit.
1197 1893 1338 1990 Quibus
1352 1901 1465 1972 eonti-
1582 1917 1585 1928 ·

157 2039 233 2088 nuo
245 2040 357 2115 opem
375 1991 585 2110 ferentibus,
610 2013 737 2090 dolum
756 2019 794 2090 in
810 2033 994 2108 auctorem
1012 2017 1162 2090 retorsit

255 2141 393 2212 Interea
403 2163 467 2213 rex
480 2141 661 2214 Sveonum
676 2139 892 2242 lluudingus
905 2163 1076 2216 occasum
1087 2137 1241 2240 Hadiugi
1257 2137 1350 2230 falso
1364 2165 1466 2216 uoce·

156 2275 259 2358 ptum
275 2265 408 2336 uuoeio
432 2261 563 2337 inferiis
580 2263 831 2362 excepturus³,
856 2261 1088 2360 optimatibus
1104 2267 1306 2355 contractis,
1331 2269 1466 2338 eximite

157 2384 353 2482 ospicitatis
363 2381 503 2457 dolium
520 2383 648 2458 cereali
663 2386 806 2484 liquore
821 2383 1042 2483 completum
1056 2381 1267 2458 deliciarum
1286 2383 1370 2460 luco
1394 2413 1468 2461 me·

159 2503 257 2578 dium
281 2507 444 2582 convitis
467 2510 604 2605 apponi
625 2510 811 2607 praecepit,
842 2523 877 2580 et
908 2531 953 2578 ne
974 2503 1063 2604 quid
1079 2503 1293 2581 celebritatis
1316 2506 1468 2602 deesset,

159 2634 235 2725 ipse
250 2629 399 2702 ministri
413 2627 577 2726 partibus
600 2631 803 2728 assumptis,
825 2634 1033 2729 pincernam
1055 2652 1163 2728 agere
1185 2645 1372 2704 cunctatus
1395 2654 1468 2704 nou

204 2933 343 2996 ‘crinali
355 2927 449 3019 φὶσο]
463 2933 552 2994 Hane
565 2945 782 2998 roeemnostec
841 2953 876 2998 ea
906 2953 960 2997 rex
990 2944 1113 2998 eatenus
1143 2929 1236 2997 modo
1264 2933 1361 3008 oultui
1385 2933 1468 3019 capi·

162 3061 179 3102 a
204 3059 260 3102 suo
282 3035 436 3102 Marciano
460 3039 584 3122 Capella
610 3039 704 3103 babet
734 3037 786 3104 de·
837 3042 882 3106 tis
896 3039 1031 3103 intentus
1044 3038 1178 3120 sistitur,
1192 3049 1341 3124 quatenus
1355 3037 1467 3104 deseri·

162 3155 347 3230 promptum,
367 3143 453 3226 cujus
467 3142 586 3207 bisunt
603 3162 706 3207 remos
718 3143 785 3207 Lib.
845 3145 929 3210 bitus
947 3131 1053 3208 manus
1066 3144 1170 3208 barbe
1183 3141 1469 3232 inferensillsmque
1597 3149 1600 3156 '

161 3253 203 3314 lX
221 3271 252 3336 p.
273 3244 348 3312 306.
395 3249 541 3312 Crt'nulent
556 3253 667 3336 spt'cum
681 3252 787 3338 plure-
847 3272 904 3340 pet·
926 3253 1024 3316 otium
1042 3249 1128 3336 spico
1143 3249 1251 3312 crinali
1269 3249 1333 3312 sive
1348 3269 1469 3316 senoo-

167 3361 221 3420 tris
255 3355 391 3444 deprome
413 3355 528 3440 Capella
557 3359 662 3421 Libens
693 3361 786 3445 cupil-
846 3359 976 3426 motoria
1004 3355 1185 3420 discernens.
1241 3356 1331 3418 'l'ales
1346 3377 1417 3422 sous
1436 3359 1469 3422 io

164 3464 220 3525 hm
235 3464 354 3524 soluere.
377 3459 502 3544 Spicum
522 3482 582 3545 pro
602 3461 686 3548 spica
704 3476 788 3526 rete·
846 3463 970 3531 tumulis
993 3460 1210 3547 sepulcralibus
1231 3458 1331 3524 adbuc
1353 3462 1470 3528 inveni·

164 3585 211 3632 res
224 3565 343 3646 dixere3
359 3565 467 3632 Cicero
489 3563 527 3628 de
544 3570 612 3630 Nat.
626 3571 720 3632 Dect.
735 3566 787 3632 lib.
847 3582 950 3648 untur,
964 3566 1001 3631 de
1017 3587 1148 3654 qtuomm
1160 3587 1217 3628 usu
1231 3563 1291 3630 vid.
1306 3580 1371 3632 not
1388 3568 1439 3632 ub.

165 3675 199 3735 lt
229 3691 256 3735 c.
292 3665 350 3734 422
395 3675 513 3760 Spicum
545 3676 657 3736 illustre
688 3691 787 3736 tenens
889 3669 1103 3754 ²Disercvcrs't]
1120 3676 1189 3734 Hoc
1201 3683 1257 3752 est,
1271 3667 1402 3758 simplici
1416 3695 1471 3760 pe·

165 3781 328 3866 splendenti
344 3803 464 3866 corpore
482 3783 575 3864 vt'rgo.
624 3777 716 3873 Quod
733 3777 789 3842 eli·
845 3777 935 3844 clinis
958 3777 1066 3842 officio
1090 3775 1352 3859 discriminaverit,
1376 3781 1471 3866 espil-
1511 3807 1521 3814 ·

166 3906 211 3947 am
224 3885 391 3947 masculino
409 3902 519 3969 genere
538 3897 716 3970 usurpatum
733 3884 788 3948 do·
847 3885 893 3948 los
912 3883 1050 3948 turbatos
1071 3884 1243 3969 compserit.
1291 3883 1342 3948 stc
1356 3885 1471 3970 Apule·

166 4003 214 4054 eet
228 3993 339 4076 Festus
353 3989 526 4074 Pompeius.
565 3991 689 4076 Spicum
710 4009 785 4054 vero
846 3989 894 4076 jus
915 3989 967 4052 lib.
989 3987 1010 4052 2
1032 3993 1154 4053 Metam.
1173 4012 1205 4076 p.
1227 3985 1269 4052 4⁵
1291 3989 1392 4072 edsio
1425 4013 1471 4054 us.

166 4117 221 4182 per
233 4095 465 4162 omissionem
484 4095 599 4158 dietum
619 4115 678 4181 pro
702 4093 786 4158 seruo
845 4097 1097 4183 Delpb.Pc'ctinis
1110 4097 1307 4186 urgetislente
1321 4099 1403 4159 renui
1410 4097 1470 4159 dis-

166 4202 197 4266 in
209 4201 366 4288 cuspidem
383 4199 546 4265 desinente.
562 4197 612 4286 (S)
632 4205 787 4265 Hactenus
846 4207 1025 4266 crescitarus.
1047 4197 1097 4284 (S)

165 4321 246 4373 reete
264 4307 457 4394 stephanius.
504 4309 582 4372 Cum
603 4325 677 4371 vero
690 4303 786 4386 addit,
892 4309 1035 4394 ’Inferiis
1046 4301 1231 4394 excepturus]
1248 4306 1390 4370 Solemus
1404 4319 1470 4370 erat

166 4413 281 4498 spicum
307 4413 421 4477 crinale
444 4412 504 4477 boc
534 4413 604 4476 loco
633 4411 786 4497 pectinem
846 4411 987 4496 gentibus
1000 4411 1172 4476 borealibus
1191 4411 1313 4496 epulum
1329 4407 1423 4474 ferale
1438 4411 1469 4474 in

168 4519 306 4606 intelligi,
330 4519 381 4582 vix
401 4523 551 4584 saxonem
571 4536 673 4581 seeum
694 4513 787 4580 habet
847 4515 985 4580 defuncti
1007 4517 1156 4580 honorem
1179 4515 1355 4597 instituere,
1387 4517 1470 4603 quod

168 4625 413 4690 consentientem.
470 4629 549 4689 Saxo
573 4623 652 4686 enim
670 4619 788 4707 spicum
846 4625 964 4695 Armet,
991 4621 1083 4686 veluti
1099 4621 1274 4688 cerevisiam
1294 4621 1471 4687 hereditari-

170 4731 280 4795 erinaie
293 4752 362 4795 cum
374 4731 496 4818 pectine
512 4751 691 4815 comparans
705 4727 787 4790 hune
847 4751 905 4808 am,
929 4729 1139 4814 appellarunt,
1161 4727 1247 4813 cujus
1268 4731 1313 4795 rei
1329 4729 1472 4815 deinceps

171 4835 293 4902 et'illud
314 4849 419 4924 aperte
440 4835 607 4923 distiugait.
654 4837 786 4898 Praeter·
846 4836 936 4919 plum
952 4848 1116 4899 occurrunt
1130 4837 1277 4922 exempla.
