3476 5460
504 367 507 376 ,
642 287 894 360 sirannus
1295 282 1371 358 tor

112 501 269 596 pt¹iurnm
279 495 520 575 familiaritatis
541 497 665 572 lectius
681 497 853 592 obducit,
880 521 924 570 ac
944 492 1051 568 veluti
1067 491 1287 592 quibusdam
1308 501 1422 570 meri·-

112 636 233 694 tornm
256 619 429 719 madibus
452 619 564 692 fretus
589 619 637 692 ab
659 621 778 692 infime
795 633 891 694 sorte
905 617 951 692 ad
970 600 1171 716 spectatum
1191 615 1339 693 honoris
1363 618 1424 692 ia-

113 745 256 843 stiginm
278 747 459 818 coneoesit
511 745 555 814 Et
577 767 624 814 ne
647 765 793 840 segnem
818 765 1059 838 enervemque
1088 742 1271 840 juventam
1294 758 1425 840 ageret,

112 865 324 940 militaribus
343 889 382 938 se
398 863 525 938 nodis
538 863 742 954 assuefecit,
767 879 904 936 naturae
918 861 1020 938 dotes
1041 862 1216 936 industria
1229 862 1425 938 cumulans.

112 989 225 1060 Grata
250 986 418 1060 omnibus
440 988 620 1060 Jerrmrici
647 985 788 1060 indoles
818 1002 911 1080 erat3
949 983 1017 1060 soli
1055 986 1188 1084 regines
1216 1003 1425 1083 suspectum

80 1154 87 1162 -
112 1106 350 1182 adoleremtis
370 1111 552 1208 ingenium
575 1109 650 1182 fnit.
717 1114 877 1184 Fratrem
900 1131 1050 1207 quoqne
1063 1114 1157 1206 regis
1173 1105 1246 1180 sato
1261 1107 1425 1183 functum

113 1233 323 1330 repentinus
342 1257 468 1306 mmor
494 1229 649 1304 edocuit.
726 1233 839 1330 Cujus
870 1253 1004 1330 corpus
1025 1232 1181 1302 Ismarus
1206 1229 1426 1328 amplissimo

112 1353 243 1428 funere
267 1352 445 1444 elaturus,
468 1379 548 1452 qno
570 1354 685 1450 major
698 1353 928 1450 exequiarum
955 1375 1090 1451 pompa
1110 1350 1218 1442 fieret,
1241 1353 1337 1451 regia
1356 1377 1426 1425 co*

112 1481 236 1550 naute
254 1477 461 1550 convivium
478 1477 624 1549 iustruit.
679 1479 724 1547 At
737 1477 962 1567 tannericns,
979 1473 1064 1547 alias
1081 1499 1164 1548 cum
1182 1473 1301 1574 regina
1314 1473 1425 1546 sami·

112 1597 212 1672 liaris
225 1601 296 1670 rei¹
313 1621 438 1672 curam
451 1602 606 1687 sumbus,
627 1595 673 1668 ad
695 1595 837 1696 iugum,
859 1599 964 1695 cnjus
983 1595 1189 1673 fucultatem
1212 1594 1426 1695 rumberche

112 1724 228 1794 unda
248 1721 457 1818 promittere
484 1717 690 1807 ridebatur,
730 1717 1088 1816 circumspiciendum
1110 1713 1266 1792 accessit.
1333 1718 1425 1792 suia

114 1842 364 1918 madvertebat
388 1847 493 1932 enim,
513 1865 554 1916 sc
571 1841 675 1914 etiam
699 1841 789 1914 inter
808 1865 900 1940 epm
921 1842 1078 1939 peritum
1100 1841 1303 1916 mirembile
1333 1846 1429 1942 regis

112 1970 332 2064 mancipium
348 1965 427 2040 lore
445 1981 479 2037 et
492 1965 594 2062 quasi
612 1962 728 2036 alieno
745 1961 923 2036 beneficio
939 1969 1139 2060 precarium
1158 1969 1321 2064 spiritum
1330 1975 1425 2066 poa-

112 2087 241 2164 sidere.
288 2092 481 2176 Prummu,
494 2089 843 2184 quanquamprimis
863 2083 1093 2188 apudregem
1117 2085 1325 2163 honot'ibus-
1343 2107 1426 2164 nte·-

113 2227 236 2301 retar,
259 2208 457 2284 Hbenatem
472 2206 606 2282 deliciis
621 2204 882 2307 proferendam
897 2212 1111 2299 existimans,
1134 2209 1290 2284 niscbdae
1305 2215 1428 2310 potuim

113 2331 364 2430 noscendique
384 2333 525 2430 generis
552 2330 678 2404 eximia
698 2326 890 2427 cupiditate
910 2327 1097 2438 flagrabat.
1154 2333 1275 2406 Sciens
1295 2351 1427 2428 autem,

114 2455 222 2557 quod
234 2463 368 2554 regine,
391 2456 528 2551 nequis
542 2459 765 2550 captivorum
782 2450 874 2524 elabi
892 2468 1022 2548 posset,
1038 2455 1321 2550 competentibus
1332 2481 1426 2555 pro·-

115 2577 261 2652 nidisset
274 2574 452 2666 excubiis,
470 2599 546 2672 quo
562 2573 698 2648 viribus
715 2578 899 2671 peruenire
914 2574 1105 2672 nequibat,
1129 2591 1203 2648 arte
1231 2601 1427 2680 assurgen-

116 2699 210 2774 dum
233 2713 414 2798 procurat.
471 2695 658 2770 Fiscellum
685 2701 805 2794 itaque
830 2693 933 2769 biblo
961 2720 1003 2768 ac
1024 2697 1151 2770 vimine
1168 2704 1331 2792 tertnm¹,
1355 2725 1428 2798 qua

115 2837 278 2922 agrestes
300 2825 410 2894 instar
430 2817 585 2893 hominis
607 2817 759 2893 formata
775 2841 858 2891 aves
873 2817 985 2890 aristis
1008 2816 1201 2892 deturbare
1223 2844 1429 2896 consuere·-

116 2959 218 3032 rant,
240 2947 325 3016 vivo
350 2965 440 3014 cane
460 2939 670 3038 complevit,
694 2963 804 3039 quam
830 2941 936 3014 etiam
956 2937 1114 3016 detracto
1132 2942 1202 3017 sibi
1217 2942 1327 3036 cultu,
1352 2971 1429 3044 quo

115 3062 345 3140 verisimilius
373 3060 566 3136 humanam
589 3079 860 3162 repraesentaret
889 3065 1098 3163 imaginem,
1128 3067 1219 3140 texit.
1293 3068 1432 3142 Deinde

117 3189 300 3288 privatum
315 3186 408 3286 regis
424 3187 589 3258 niarium
608 3182 817 3276 demolitus,
850 3202 1006 3286 egestam
1025 3185 1108 3260 inde
1133 3190 1324 3286 pecuniam
1339 3199 1431 3266 notit

117 3309 191 3386 sibi
206 3325 340 3384 mutum
361 3301 560 3383 recondidit
573 3306 671 3382 loeis.
739 3313 874 3383 Interea
890 3314 1033 3400 Guuuo,
1054 3309 1248 3382 absentiam
1264 3313 1351 3386 socii
1374 3314 1431 3390 si-

118 3433 260 3508 mulare
276 3435 417 3532 jussus,
440 3431 535 3506 illata
560 3432 597 3502 iu
613 3429 743 3529 regim
768 3430 901 3506 fiscella
919 3430 1150 3530 impulsuque
1167 3433 1214 3506 ad
1229 3431 1432 3510 latrarrduni

118 3579 220 3647 cane,
240 3558 471 3653 percontanti,
486 3551 658 3652 quidnam
674 3553 745 3627 hoc
763 3571 866 3646 esset,
888 3557 1030 3655 reginae,
1056 3574 1173 3628 niente
1190 3571 1335 3654 captum
1351 3556 1433 3630 cla·-

119 3683 247 3752 mitare
270 3674 388 3750 retulit
410 3679 654 3752 tamencum:
712 3676 776 3751 llia
799 3677 845 3750 ad
861 3693 1044 3776 aspectum
1062 3692 1185 3752 statuae
1200 3677 1433 3754 similitudinis

119 3823 248 3876 errore
269 3797 395 3872 delusa
426 3801 590 3873 msannm
614 3798 693 3874 aede
717 3800 796 3897 ejici
818 3799 930 3898 jubet.
981 3803 1085 3874 Tunc
1103 3803 1234 3874 Gunno
1257 3799 1433 3900 perlatam

120 3923 392 3998 lamiarum
417 3920 564 4022 perinde
588 3922 829 3997 auferentem
850 3925 984 3998 mmum
1021 3921 1152 3996 lectulo
1181 3922 1295 3996 tradit.
1355 3923 1433 3996 Sub

121 4061 271 4122 noctem
293 4071 379 4118 vero
395 4043 519 4143 vigiles
534 4044 723 4145 epularum
739 4045 913 4122 hilaritate
945 4072 988 4120 ac
1009 4049 1091 4120 rino
1109 4044 1275 4145 provehit
1292 4045 1433 4143 largio-

173 4341 363 4402 ‘semitm
381 4335 438 4418 rei]
450 4341 507 4401 liei
519 4336 636 4400 incdit.
653 4339 752 4422 peine·
810 4339 855 4403 Ex
872 4339 981 4402 vimine
999 4347 1098 4401 autern
1112 4349 1143 4399 ot
1160 4335 1252 4420 junco
1273 4337 1369 4412 focile¹
1381 4341 1434 4402 uli·
1572 4423 1573 4426 Ἴ

123 4441 270 4511 onim
283 4444 351 4528 jure
366 4463 421 4509 cuo
434 4443 752 4529 addiditstepbauius.
810 4445 884 4530 quid
902 4444 1012 4530 effingi
1033 4444 1151 4528 potnit,
1186 4444 1270 4528 quod
1286 4445 1368 4510 intas
1385 4466 1434 4509 os·

173 4555 348 4614 wirnitum
361 4555 435 4616 itte
452 4577 488 4616 uc
504 4557 609 4616 uimrire
626 4547 749 4631 tentam]
812 4571 881 4614 vum
903 4550 1054 4635 quandam
1078 4569 1147 4614 cnm
1177 4549 1278 4636 specie
1305 4547 1434 4614 bumana

124 4657 257 4722 Fiscello
291 4669 337 4722 ert
365 4677 418 4722 raa
451 4657 631 4734 vimineum,
666 4655 751 4741 qnod
809 4669 944 4722 servaret
970 4656 1214 4734 similitudinem,
1238 4656 1435 4741 quemadmo-

125 4775 262 4848 agrestes
286 4763 387 4827 rarius
410 4763 441 4825 in
471 4783 541 4826 usna
574 4775 749 4827 contexunt.
811 4761 947 4826 dumille
969 4763 1068 4827 urium
1089 4763 1343 4844 terriculamenta,
1365 4785 1434 4850 qna

124 4868 235 4932 Biblos
252 4867 312 4932 hoc
326 4873 396 4935 ioco
416 4869 496 4934 idem
510 4881 555 4934 est
578 4890 613 4934 ac
634 4869 750 4955 juncus.
810 4869 963 4934 interdum
979 4871 1009 4934 in
1027 4872 1106 4954 agric
1121 4869 1268 4934 visuntur.

962 5064 979 5107 i·
