3476 5460
558 315 592 335 ·’
653 311 884 408 ouounus.
1297 333 1371 410 aar

110 539 439 642 penaurngerebat,
460 565 534 618 non
553 543 670 642 aptior
688 565 729 616 ae
744 541 885 616 vtotrre
905 543 1099 642 majeatatia
1114 543 1280 643 injuriam
1294 545 1423 644 expia-

111 681 234 738 turum
253 681 372 759 ratua,
394 669 507 764 quarn
524 669 553 738 ei
570 663 668 738 idern
681 687 776 757 eum,
806 666 910 766 quod
933 667 1118 742 Ofonianae
1147 670 1244 742 neeis
1265 669 1425 744 extiterat

110 787 320 885 praemium,
352 787 545 878 effectur,
567 809 781 886 aur-umque,
803 789 905 888 quod
929 815 997 888 pro
1021 789 1135 863 aliena
1157 787 1263 870 clade
1284 789 1425 880 tulerat,

110 907 247 982 damno
271 915 429 1010 propriae
453 909 576 984 aalntia
601 908 834 1010 impenderet.
899 913 1006 986 Hunc
1028 913 1167 1012 quippe
1181 935 1289 986 urum
1303 909 1423 986 acele-

108 1031 253 1104 atiasimi
268 1033 374 1131 pretii
391 1029 672 1130 pulchenimum
686 1031 846 1108 credidit
896 1038 1024 1134 ltaque
1040 1037 1184 1132 gemino
1201 1033 1336 1108 cinctus
1352 1057 1423 1106 en-

108 1175 150 1224 ac
172 1151 317 1226 totidem
346 1152 560 1228 baculorum
578 1149 795 1228 adminiculo
814 1180 929 1230 vacua
956 1157 1086 1232 virium
1102 1157 1248 1254 vestigia
1274 1154 1424 1228 tutaba-

108 1288 179 1346 tur.
237 1277 321 1368 Quo
340 1281 429 1367 viro,
451 1273 683 1375 popularium
707 1275 868 1374 qnidam,
892 1282 1074 1377 geminum
1091 1274 1292 1374 gladiorum
1317 1301 1424 1350 naum
1515 1266 1539 1277 ”

107 1399 187 1470 seni
202 1421 466 1496 supervacuum
481 1415 589 1489 ratus,
605 1397 731 1472 donari
761 1398 830 1473 cibi
853 1399 1003 1474 alterum
1025 1423 1093 1498 per
1105 1395 1302 1473 ludibrium
1324 1404 1423 1498 peti-

109 1521 172 1590 vit.
200 1521 317 1611 Quem
330 1519 589 1614 Staroatherua,
603 1545 669 1620 ape
683 1527 861 1620 petitionis
876 1499 979 1613 sada,
991 1529 1142 1622 propius
1154 1519 1325 1595 accedere
1336 1521 1423 1618 jus-

108 1664 213 1732 sum,
245 1639 404 1718 detracto
430 1641 530 1718 lateri
562 1667 735 1718 mucrone
767 1645 1042 1720 transverberat.
1109 1639 1216 1737 Quod
1244 1641 1423 1719 liutherus

109 1761 271 1861 quidam,
287 1765 392 1864 eujua
405 1779 545 1864 patrem
561 1769 768 1840 Lennonem
782 1766 1026 1842 Stareatheruo
1041 1767 1128 1842 olim
1142 1763 1318 1866 parricidii
1333 1790 1422 1865 pte-

109 1887 254 1962 nitentia
285 1886 482 1962 adductm²
518 1887 714 1980 occiderat,
737 1887 826 1962 dum
856 1891 1007 1966 eanibnr
1041 1889 1134 1966 ferae
1165 1893 1423 1986 insequeretur,

108 2009 303 2111 aj'eiena,
319 2011 453 2084 omitto
471 2013 665 2086 venationis
680 2011 808 2103 cilicio,
839 2010 935 2088 duca
968 2037 989 2087 e
1018 2012 1213 2088 comitibus
1244 2008 1423 2111 injiciendi

111 2147 227 2205 metus
246 2137 360 2232 gratia
389 2135 570 2210 concinna
596 2131 828 2209 vehementer
851 2141 955 2236 equis
984 2139 1020 2206 in
1036 2137 1346 2232 eenemimpetum
1361 2131 1423 2208 di-

107 2255 226 2353 rigere
237 2254 351 2352 jubet.
401 2256 471 2348 Qui
491 2253 591 2346 dum,
610 2279 786 2354 procursu
801 2252 909 2348 edito,
922 2256 1090 2356 refugere
1103 2258 1263 2355 cupiunt,
1278 2258 1422 2330 Starca-

107 2375 198 2450 theri
216 2376 353 2452 haealia
369 2377 552 2477 intercepti
567 2393 683 2452 morte
700 2375 876 2477 supplicia
900 2378 1054 2452 luerunt.
1109 2381 1192 2472 Quo
1213 2378 1423 2476 spectaculo

108 2498 287 2574 flatheroe
309 2499 507 2574 admodum
529 2499 815 2599 perterrefactus,
838 2501 991 2600 propina
1016 2523 1114 2600 equo
1136 2497 1293 2594 advolat,
1314 2502 1422 2600 agni..

107 2636 259 2720 tumque
272 2645 404 2714 senem,
417 2621 483 2698 aed
501 2621 550 2696 ab
568 2645 613 2696 eo
628 2623 775 2696 minime
789 2629 1005 2723 recognitus,
1019 2647 1066 2696 an
1081 2621 1242 2723 gladium
1256 2622 1423 2699 vehiculo

108 2761 315 2842 permutare
331 2743 447 2838 vellet,
470 2750 673 2844 interrogat.
722 2745 843 2820 Refert
855 2743 1109 2838 Starcatherua,
1129 2746 1315 2845 quondam
1333 2773 1423 2846 pm-

107 2891 175 2942 naa
188 2891 228 2940 ae
248 2867 296 2941 ab
309 2868 514 2944 irriaoribna
528 2867 669 2966 erigere
689 2867 856 2960 solitum,
882 2894 950 2944 nee
971 2850 1135 2969 uuquam
1152 2873 1300 2970 impune
1315 2869 1422 2950 aibia

106 2991 322 3088 procacibus
336 2990 553 3066 inanitaturn.
614 2988 685 3066 Sed
706 3015 837 3090 neque.
843 2994 1014 3092 juvenem
1030 3017 1073 3066 ex
1088 2997 1161 3068 oria
1177 2997 1271 3068 notia
1285 2989 1422 3066 defun·-

105 3129 163 3186 eta
183 3117 264 3188 visu
285 3115 385 3224 aciea‘
398 3110 624 3212 deprendere
651 3129 803 3212 poterat.
869 3119 995 3214 ltaque
1016 3137 1177 3206 carmen,
1201 3112 1303 3212 qnod
1326 3113 1423 3190 indi-

104 3237 283 3334 gnatiouir
293 3259 370 3312 auat
384 3233 662 3334 magnitudinem
672 3236 898 3336 patefaceret,
910 3241 946 3312 in
960 3237 1057 3312 huuc
1066 3235 1422 3314 subtexuitmodumt

310 3383 359 3455 Ut
373 3381 450 3454 sine
465 3403 631 3481 regressu
639 3405 787 3482 pronas
803 3385 885 3482 agit
898 3383 1027 3456 alveus
1041 3379 1177 3470 undas,

306 3503 368 3578 Sr'e
383 3519 476 3578 cetos
492 3505 691 3597 tenutam,
707 3504 842 3580 cursant
856 3503 1056 3578 labentibus
1072 3504 1198 3594 annis,

303 3627 504 3704 Irreditaro
510 3629 601 3733 fluit
609 3657 625 3723 ,·
638 3651 804 3734 prceeeps
820 3629 895 3703 ruit
910 3627 1133 3728 orbitasoti,

154 3945 349 4010 'Parricidia'
370 3951 545 4036 punitentia
574 3947 734 4030 adductus]
794 3965 971 4034 agnoscent,
987 3945 1354 4014 incommodaaeneetutir
1371 3944 1422 4008 de·

104 4056 179 4116 Hoc
194 4065 257 4132 eat,
279 4051 370 4116 cedis
386 4053 479 4138 regim
495 4076 512 4119 a
531 4075 563 4118 aa
577 4068 736 4140 perpetra·
794 4053 944 4139 ploravit,
991 4067 1116 4141 exoptat
1149 4051 1323 4117 Hatfrerum
1363 4049 1421 4114 tibi

56 4219 61 4228 .
103 4175 158 4226 tm.
205 4163 284 4224 Nam
300 4159 454 4246 principer
473 4171 506 4224 et
523 4179 611 4244 reget
631 4159 736 4222 dieun-
794 4159 914 4242 affore,
941 4160 1082 4224 ultimum
1103 4159 1262 4237 rolatium,
1289 4168 1422 4220 mortem

104 4280 159 4331 tur
173 4279 275 4352 patrea
286 4265 403 4352 patriae,
417 4286 548 4350 qaorum
561 4264 736 4329 interfectio
793 4266 920 4345 celtica,
936 4267 1112 4346 allaturum3
1130 4265 1211 4328 hunc
1224 4281 1333 4348 nempe
1349 4259 1422 4326 ado·

102 4385 273 4458 propterea
301 4391 365 4435 non
393 4369 505 4455 injuria
538 4367 734 4457 parricidium
794 4373 959 4436 lercentem
980 4371 1039 4436 utri
1060 4371 1134 4436 olim
1156 4365 1334 4450 adheaiace,
1357 4390 1422 4434 orn-

102 4492 245 4547 roratur.
266 4471 316 4560 (S)
794 4477 884 4542 uibua
909 4475 1072 4542 virtutihus
1100 4475 1182 4540 huno
1210 4493 1274 4538 erae
1301 4475 1422 4561 eonapi·

155 4589 218 4650 ’Ira
232 4587 307 4648 laune
323 4585 470 4648 subtexuit
490 4580 618 4661 modum]
637 4583 736 4648 Series
795 4603 903 4661 cuum,
932 4599 965 4646 ae
990 4601 1065 4646 tero
1084 4601 1199 4645 summa
1229 4582 1276 4644 rei
1302 4579 1422 4648 bellico

102 4691 327 4776 cogitationum
341 4690 373 4752 ia
388 4689 448 4754 hoe
461 4689 592 4754 carmine
614 4690 681 4755 lraee
693 4711 736 4756 ea·
794 4685 1045 4768 autonomiam,
1067 4687 1253 4770 (liutherum
1269 4687 1363 4772 igitur
1376 4687 1422 4752 di-

29 4801 35 4810 ’
102 4795 298 4861 revidetur:
319 4799 486 4880 Postquam
514 4797 737 4877 Starcathtrur,
795 4815 889 4880 gnum
908 4813 991 4874 eata,
1010 4793 1063 4879 qui
1088 4806 1175 4858 tanto
1196 4794 1293 4880 pugili
1315 4815 1422 4860 manua

103 4901 332 4966 adolereeutenr
346 4900 385 4965 ad
398 4919 430 4964 ae
450 4901 643 4967 accedentem
654 4903 736 4968 hauri
794 4903 946 4968 violentae
965 4889 1102 4982 inferat).
