3476 5460
396 305 470 382 304
736 313 912 386 HISTOR.
926 317 1032 387 utu.
1048 315 1187 388 LIBER
1205 316 1291 388 vlit.

347 523 489 621 piarum
505 523 783 619 praesumtum
798 520 927 594 inferre
942 525 1118 614 monuit
1135 551 1287 614 memor,
1305 549 1357 615 te,
1374 526 1570 600 seuuemo
1582 549 1646 621 pr·

346 659 443 718 rente
458 642 604 732 editum,
627 644 850 734 virtutefflon
863 667 1014 720 numero
1031 646 1127 720 bella
1141 673 1269 748 gerere
1287 663 1463 745 oportere.
1524 647 1646 718 interea

345 769 545 868 ltingonem
566 789 586 838 a
617 766 763 864 piratica
778 781 1009 842 revertentem
1027 769 1153 844 adesse
1170 771 1328 868 contigit.
1378 773 1435 844 De
1449 769 1555 867 cujux
1569 765 1647 840 red·-

346 898 394 965 itu
417 887 564 964 edoctus
588 885 803 987 prmgrande
829 887 944 962 moliri
970 897 1154 991 navigium
1177 899 1305 992 coepit,
1332 893 1428 966 unde
1443 906 1648 989 tauquame

345 1015 565 1086 munimento
581 1033 736 1108 superne
749 1008 889 1084 hostem
907 1011 981 1087 telis
997 1032 1188 1114 appeteret.
1240 1018 1332 1091 lluie
1352 1015 1516 1114 Atyloeis
1530 1015 1646 1086 δοιοί-

344 1135 396 1208 ei¹
415 1133 474 1206 filii
491 1131 695 1207 Homotlrus
717 1157 760 1208 ac
781 1131 919 1206 Thola²
938 1139 1111 1236 remigee³
1130 1138 1397 1230 adsciscuntur,
1421 1159 1578 1237 quorum
1594 1132 1644 1206 al·-

345 1273 399 1330 ter
415 1255 691 1355 gubernatorem
710 1279 834 1353 agere,
859 1255 950 1330 alter
964 1284 1084 1357 prorae
1101 1284 1258 1359 prteesse
1278 1265 1412 1361 jussus.
1470 1262 1545 1330 Nec
1564 1259 1645 1328 ltm-

344 1382 428 1478 goni
445 1379 481 1450 in
494 1377 549 1450 his
563 1375 776 1476 excipiendis
796 1379 980 1480 ingenium
1002 1399 1066 1455 aut
1081 1383 1224 1458 solertia
1243 1383 1363 1458 deluit.
1416 1386 1562 1477 Quippe
1575 1380 1645 1450 exi-

342 1527 451 1601 guum
469 1506 654 1600 copiarum
677 1515 814 1598 partem
835 1501 1041 1596 ostendens,
1064 1529 1086 1578 a
1111 1522 1214 1606 tergo
1238 1505 1376 1582 lrostem
1401 1497 1646 1578 incursandum

342 1629 491 1698 curavit.
544 1626 600 1696 De
616 1625 720 1721 cujus
735 1626 863 1698 astutia
880 1626 1068 1701 Omuudus
1094 1653 1160 1726 per
1178 1627 1368 1702 oddonem
1388 1626 1521 1700 certior
1534 1622 1647 1706 sactus,

341 1753 406 1846 qui
427 1749 464 1819 in
488 1742 620 1820 insidiis
656 1748 860 1820 constitutos
887 1750 1150 1846 opprimerent,
1183 1755 1304 1842 mittit,
1333 1751 1487 1851 Atyloue
1511 1748 1646 1818 Seaoioo

343 1872 542 1967 llingonem
559 1869 722 1965 excipere
736 1871 847 1966 jusso.
907 1876 941 1946 ls
955 1873 1106 1971 imperio
1122 1877 1271 1972 pronius
1291 1899 1404 1974 quum
1427 1871 1566 1963 seli&
1580 1866 1645 1940 ob·

258 2037 264 2049 ·
342 2007 507 2079 secutus,
530 1989 651 2064 fractis
673 1990 771 2064 bello
793 1992 902 2068 rebus
932 2013 1153 2094 acceptaque
1179 2011 1312 2095 strage,
1337 1999 1453 2070 victus
1468 1989 1597 2088 refugit
1616 1989 1644 2056 iu

343 2114 516 2186 Scuuiam.
581 2117 690 2213 lgitur
714 2114 914 2208 Omundus,
938 2121 1115 2216 reparatis·
1124 2143 1190 2218 per
1203 2119 1395 2194 Oddonem
1414 2115 1564 2203 viribus,
1579 2137 1644 2208 pu·

343 2249 530 2334 gnatorum
547 2234 675 2336 pelago
698 2235 847 2310 classem
864 2237 1027 2337 explicat.
1091 2245 1173 2334 Quo
1194 2258 1358 2340 tempore
1379 2241 1496 2340 Myle,
1517 2234 1643 2334 usuum

343 2361 583 2458 Norvagicum
605 2383 647 2432 ex
660 2361 881 2436 somniorum
897 2363 981 2434 risis
996 2362 1096 2438 haud
1110 2364 1225 2438 dubie
1240 2365 1455 2463 speculatus,
1467 2358 1640 2434 redimet·-

341 2478 512 2580 defuga
539 2485 650 2580 gratie
675 2507 785 2580 quam
811 2481 996 2558 celerrime
1017 2489 1279 2587 navigationem
1297 2511 1420 2574 ursus,
1445 2477 1643 2556 Omuuduru

303 2588 306 2597 ¹
343 2603 469 2700 praelio
483 2604 730 2703 propinquum
746 2621 845 2704 grute
862 2609 1028 2682 societate
1042 2613 1282 2708 prosequitur.
1332 2611 1449 2708 Cujus
1463 2599 1643 2678 Omuodus

341 2749 453 2822 opera
468 2726 588 2817 fretus,
605 2753 766 2827 pugnam
783 2745 854 2801 tam
876 2728 1021 2804 feliciter
1034 2757 1145 2832 quum
1160 2729 1313 2806 fidenter
1328 2731 1534 2831 ingreditur.
1564 2729 1641 2796 tim

342 2847 466 2922 habito
481 2873 546 2944 per
567 2874 606 2922 ee
622 2849 800 2942 conflictu,
816 2855 1016 2942 victoriam,
1040 2877 1148 2952 (pram
1164 2855 1200 2926 iu
1215 2857 1290 2930 suis
1303 2858 1483 2940 emiserat,
1496 2871 1640 2945 recupe-

237 2990 243 3001 ·
342 2973 443 3046 revit.
473 2975 588 3063 Quem
598 2973 725 3070 limgo,
741 2973 917 3046 mortifico
926 2974 1073 3048 vulnere
1087 2983 1304 3074 perstrictus,
1321 2975 1546 3076 exanguibus
1557 2997 1640 3044 eoo·

339 3092 532 3198 templutus
547 3092 672 3184 oculis,
690 3119 808 3186 manu,
826 3111 864 3168 ut
882 3113 1034 3193 poterat,
1049 3078 1145 3172 mota
1159 3099 1256 3194 (nam
1279 3125 1348 3174 vox
1368 3097 1526 3197 linguam
1542 3093 1640 3166 ‹lele-

341 3217 449 3310 eerat)
466 3221 686 3308 accersitum,
710 3215 788 3290 lore
811 3217 879 3292 sibi
904 3245 1075 3318 generum
1098 3221 1285 3312 obsecrat,
1306 3219 1467 3321 jucunde
1484 3243 1525 3292 se
1538 3217 1640 3290 saturn

342 3343 501 3438 excipere
517 3361 691 3425 asserens,
708 3343 736 3412 si
753 3339 813 3411 tali
828 3339 936 3414 lilium
953 3342 1137 3418 connuhio
1151 3343 1358 3444 reliquisset.
1399 3347 1475 3418 Nee
1492 3361 1639 3434 nepot-

341 3489 385 3538 so
406 3478 575 3560 exceptus
597 3462 817 3562 extinguitur.
840 3465 955 3561 Cujus
968 3489 1154 3538 excessum
1172 3465 1360 3540 Omuudus
1374 3463 1540 3561 lucrymis
1556 3483 1638 3556 pro-
1712 3495 1713 3500 ¹

208 3675 211 3684 .
329 3579 494 3676 ¹secutus,
512 3585 752 3675 Homothum,
776 3587 879 3684 cujus
897 3585 1007 3658 fidam
1022 3591 1057 3658 in
1080 3586 1178 3660 bello
1202 3613 1349 3686 opernm
1374 3600 1540 3685 expertus
1562 3581 1639 3654 sue·

341 3725 413 3799 rut,
438 3707 580 3780 alterius
596 3707 748 3782 filiarum
760 3710 934 3808 Ringonis
949 3708 1130 3784 connubio
1149 3710 1270 3803 donat,
1288 3709 1434 3788 alteram
1449 3711 1527 3808 ipse
1540 3731 1640 3782 cum-

340 3831 515 3932 pleott'tur.
868 3903 875 3918 ,

326 4009 331 4018 ·
471 3951 610 4028 Eodem
626 3969 785 4064 tempore
800 3950 909 4026 Rusla
926 3953 1039 4054 virgo,
1053 3957 1206 4032 strenuis
1220 3953 1348 4033 militiae
1370 3953 1543 4058 operibus
1558 3975 1639 4022 mu-

340 4355 390 4408 tor
405 4342 486 4408 iuter
506 4361 575 4421 eos,
599 4341 706 4427 quiin
728 4359 833 4406 nouem
857 4339 966 4408 Oloris
1025 4343 1151 4410 vallensi
1168 4343 1383 4412 iuterfuerunt.

268 4450 275 4463 '
338 4449 583 4532 conjuraverant.
624 4445 684 4514 sad
706 4468 765 4532 pro
784 4465 870 4512 more
892 4459 966 4510 uta·
1071 4449 1240 4534 immega]
1261 4453 1305 4516 lta
1333 4462 1437 4515 matex-
1455 4446 1536 4515 haut
1555 4439 1638 4508 dubit

279 4540 291 4646 f
340 4552 965 4639 tiapcrumprolrabile‚filimiuterfeeto-
1023 4554 1117 4620 vertit
1131 4553 1468 4628 Samntoemumutes
1478 4553 1639 4640 essebur,

340 4678 390 4748 res
403 4659 498 4743 patris
517 4660 680 4724 inhonore
693 4658 864 4726 hsbtu'ue
1020 4659 1142 4740 xuilites,
1157 4681 1288 4746 quorum
1316 4675 1398 4742 eret,
1434 4683 1499 4730 uon
1523 4655 1639 4744 quillto

386 4765 738 4844 manutenemus]
753 4765 841 4833 Prius
855 4785 966 4830 nomen
1012 4767 1115 4833 uenit
1139 4765 1330 4846 hortabere,
1353 4768 1410 4838 titel
1428 4785 1549 4856 ptem
1563 4783 1638 4848 pti?-

215 4862 222 4880 '
340 4870 390 4934 rix
404 4867 478 4932 alibi
499 4868 667 4948 inreritum
680 4872 832 4956 posterius
853 4873 965 4956 legitur
1024 4893 1153 4960 pemque
1167 4875 1252 4938 naria
1266 4873 1354 4938 tueri.

177 4278 184 4291 ι
337 4279 339 4286 -
385 4237 545 4321 'Aryium‘s
561 4233 691 4313 scenici]
715 4236 805 4318 Acyta
827 4252 965 4298 recense·
1024 4237 1056 4300 in
1071 4257 1197 4303 recensu
1210 4237 1358 4324 pugilum,
1378 4235 1555 4323 quiprelio
1572 4237 1640 4298 un·
1711 4223 1712 4228 ¹
