3548 5470
356 309 407 378 so
611 304 614 314 ·
699 305 874 377 nrsrou.
899 303 1005 376 nm.
1029 305 1167 384 naun
1195 307 1219 374 1.

306 517 397 590 inter
413 514 623 616 fugiendum
639 527 818 614 repertam
832 513 1207 614 perfosso-lateribus¹
1222 513 1439 612 navigationi
1453 509 1620 586 inutilem

305 634 529 727 reddidisset,
554 663 762 716 concessam
781 635 955 735 scapham
979 642 1016 708 in
1041 635 1154 710 ultum
1172 635 1308 708 direxit.
1370 638 1486 728 Quem
1502 637 1620 708 Tosto

305 757 479 834 occidisse
501 776 616 852 ratus,
656 785 741 836 oum
766 757 829 832 diu
850 764 942 832 inter
966 761 1173 856 promiscua
1195 774 1407 834 necatorum
1437 755 1620 830 cadavera

306 889 499 981 quaesitum
516 889 674 981 reperire
689 907 764 956 uon
781 879 987 979 posset-nd
1002 879 1150 952 classem
1166 905 1365 980 regressus
1388 877 1619 954 ntusdver·

306 1010 346 1078 tit
368 1007 508 1080 eminus
522 1029 783 1104 myoparonem
799 1003 926 1078 mediis
941 1007 1050 1078 maris
1065 1001 1214 1078 estibus
1229 1002 1471 1079 fluctuantem.
1497 1003 1619 1093 Quem

306 1151 389 1202 cum
405 1126 568 1200 adductis
576 1100 616 1201 in
638 1123 751 1200 altum
767 1129 919 1227 navigiis
932 1133 1101 1226 persequi
1112 1127 1300 1216 statuisset,
1324 1125 1505 1200 fractionis
1518 1127 1621 1222 peri-

221 1229 223 1234 ⁵
305 1247 386 1322 culo
403 1263 602 1338 revocatus,
627 1273 724 1350 aegre
738 1249 835 1324 littus
851 1250 1002 1348 repetiit
1065 1251 1168 1322 Tunc
1190 1249 1367 1344 correptis
1380 1249 1525 1346 integris
1540 1271 1620 1320 coe·

178 1365 181 1374 '
305 1387 407 1470 ptum
423 1376 490 1444 viee
514 1395 629 1470 genus
653 1374 849 1470 exequitur.
900 1369 1099 1470 Hadingus,
1118 1371 1290 1468 occupari
1303 1393 1342 1444 se
1363 1368 1507 1460 videns,
1531 1392 1620 1467 per·

305 1495 439 1570 contari
455 1496 622 1567 comitem
645 1500 767 1592 coepit,
799 1518 846 1566 an
867 1492 976 1568 naudi
998 1517 1105 1568 usum
1129 1489 1292 1583 calleret,
1315 1507 1543 1590 neganteque
1557 1517 1621 1582 eo,

304 1613 401 1714 sugae
416 1613 610 1692 dibdmna
635 1631 766 1714 sponte
785 1618 900 1692 eversi
921 1618 1051 1715 navigii
1073 1637 1252 1690 concavas
1273 1630 1393 1712 partes
1417 1612 1619 1712 amplexus,

305 1741 428 1815 mortis
443 1733 553 1814 fidem
569 1738 839 1837 insequentibus
853 1739 946 1817 lecit.
981 1739 1153 1812 Securum
1168 1735 1298 1810 deinde
1313 1737 1509 1814 Tostonem
1534 1737 1620 1808 ino-

305 1864 540 1958 pinatumque
562 1877 597 1932 et
622 1859 823 1958 spoliorum
846 1861 1006 1960 reliquiis
1027 1858 1167 1934 aridius
1183 1858 1433 1934 incubantem²
1454 1839 1618 1948 adortus,

305 1996 485 2082 prostrato
501 1985 671 2076 exercitu,
696 1981 858 2082 praedam
879 1982 1045 2058 deserere
1061 1988 1196 2084 coegit,
1228 2006 1405 2081 suamque
1427 1983 1505 2080 ejus
1525 1979 1619 2080 fuga

304 2102 495 2178 ulciscitur.

407 2231 481 2300 Nec
502 2229 649 2302 Tostoni
671 2235 707 2300 in
728 2228 920 2306 vindictam
942 2232 997 2301 sui
1014 2231 1154 2300 animus
1176 2223 1299 2300 defuit
1349 2228 1440 2298 Nam
1459 2251 1543 2298 cum
1561 2225 1631 2298 ob.

304 2355 439 2448 accepti
456 2347 613 2425 vulneris
630 2350 931 2451 magnitudinem³
949 2347 1233 2450 reparandarum
1250 2350 1516 2447 iutra-patriam
1529 2350 1619 2422 viri-

303 2495 364 2544 um
382 2478 524 2571 copiam
541 2497 614 2546 non
629 2474 792 2565 baberet,
814 2475 924 2575 legati
950 2473 1053 2548 titulo
1076 2472 1293 2544 Britanniam
1313 2474 1423 2570 petiit.
1481 2475 1523 2544 ln
1538 2499 1617 2572 qua

302 2592 526 2690 profectione
538 2600 771 2696 navigationis
790 2600 907 2670 s'ocios
925 2603 961 2668 in
985 2595 1072 2668 aleae
1091 2594 1211 2668 lusum
1229 2592 1500 2692 per-inscitiam
1524 2621 1617 2670 oon-

299 2721 419 2807 traxit,
440 2721 626 2816 rixamque
642 2745 662 2792 a
680 2737 893 2794 tesserarum
906 2719 1062 2817 jactibus
1079 2733 1194 2790 ortam
1220 2715 1358 2790 funesta
1380 2717 1481 2801 caede
1509 2717 1619 2796 finire

303 2832 435 2910 docuit.
483 2842 534 2912 lta
553 2840 697 2937 placido
713 2844 867 2917 exercitii
882 2867 1014 2940 genere
1031 2836 1247 2915 discordiam
1262 2865 1331 2936 per
1343 2856 1457 2916 toturn
1478 2847 1616 2944 nauti

302 2983 364 3032 um
380 2958 538 3053 diffudit,
571 2979 828 3062 cruentumque
843 2989 1003 3062 pugnam
1026 2977 1181 3034 mutatus
1206 2959 1267 3034 lite
1280 2964 1388 3060 jocus
1410 2969 1615 3063 progenuit.

302 3081 348 3150 Et
373 3096 413 3152 ut
430 3080 579 3180 aliquod
594 3110 639 3156 cx
661 3085 777 3160 alieno
802 3086 898 3160 malo
921 3083 1154 3160 commodum
1174 3101 1337 3182 caperet,
1363 3094 1538 3186 correptis
1560 3096 1615 3164 in-

301 3200 532 3278 teriectorum
555 3211 732 3305 pecuniis,
766 3208 954 3284 Callonem
974 3207 1178 3308 quendam⁴
1202 3210 1351 3308 piratica
1371 3224 1457 3286 tusc
1474 3225 1612 3310 tempo·
1723 3285 1725 3290 ,
1767 3279 1768 3317 ³

302 3477 501 3544 commiserat.
548 3486 609 3554 vix
633 3487 712 3551 hanc
732 3507 840 3554 rocem
863 3508 927 3552 me·
984 3487 1070 3572 dingi
1088 3483 1262 3550 debellandi
1282 3505 1386 3550 curam
1412 3501 1516 3572 gerat,
1544 3491 1613 3556 ino-

300 3584 375 3646 mini
400 3607 448 3650 me
479 3607 514 3652 aa
535 3589 756 3674 significatione
772 3594 845 3658 alibi
882 3596 925 3658 lc·
981 3593 1087 3677 pineto
1098 3591 1236 3676 Hadingi
1254 3594 1371 3678 impetu
1391 3596 1586 3680 opprimitur.

301 3689 387 3774 gissa.
409 3691 459 3772 (S)
1027 3702 1127 3764 'Nam
1144 3723 1208 3764 cum
1222 3701 1257 3760 ob
1272 3705 1386 3784 accepti
1401 3705 1528 3768 onboerr's
1544 3729 1607 3770 ma·

348 3797 515 3882 ¹Perfosst's
526 3801 680 3886 lateribus]
695 3810 793 3868 Nares
814 3805 922 3870 eodem
978 3802 1174 3888 gnitudr'nem]
1191 3803 1225 3866 ld
1245 3817 1290 3869 est
1312 3818 1468 3890 acceptam
1484 3809 1611 3876 cladem.

299 3913 513 3987 strategemate
533 3905 730 3990 perforantur
752 3911 804 3972 lib.
817 3912 847 3989 2,
870 3913 921 3974 lib.
982 3910 1050 3997 Qua
1069 3911 1226 3972 notatione
1247 3931 1305 3972 vox
1326 3884 1393 3974 bac
1414 3915 1524 3986 Saroni
1540 3937 1612 4000 per-

299 4004 330 4090 5,
349 4023 380 4073 et
394 4009 445 4072 lib.
467 4008 714 4094 tlt(s)1standt
738 4014 842 4078 eadem
857 4033 922 4080 arte
981 4035 1071 4097 quam
1082 4015 1199 4079 usitata
1221 4017 1356 4080 irretiens
1373 4016 1426 4082 lib.
1440 4022 1468 4080 ll
1476 4037 1541 4104 cup.
1552 4020 1609 4086 11:

299 4116 474 4201 presidium
488 4127 594 4180 contra
615 4119 717 4182 hostes
732 4120 923 4204 insequentes
980 4125 1092 4182 Xerxes
1102 4122 1384 4187 dnobmoolnerilus
1394 4133 1610 4204 terrenrr'proe·

299 4224 521 4306 quesivcrunt;
532 4219 819 4310 ridllormalssaga
829 4249 859 4310 p.
872 4225 923 4291 68.
979 4228 1021 4289 lio
1044 4231 1169 4311 acceptis
1197 4235 1326 4314 experiri
1345 4235 1435 4296 marm
1450 4233 1610 4317 fortunam

345 4333 532 4416 ²Spolrbrnm
551 4332 680 4413 reliquiis
703 4335 819 4394 cordulis
844 4340 923 4398 t'ncn·
980 4336 1094 4394 statuat.
1115 4330 1166 4412 (S)

299 4431 541 4514 ianrem]Sensus
554 4447 614 4498 est:
628 4435 700 4498 dum
709 4441 814 4517 Toeto,
828 4439 922 4502 veluti
1027 4443 1039 4474 ⁴
1052 4438 1197 4500 Callonem
1213 4439 1466 4522 quendamJIlollr
1486 4444 1611 4522 mareu,

300 4533 392 4598 draco
416 4557 490 4600 auro
515 4540 676 4623 incubans,
710 4563 744 4606 se
772 4565 789 4606 s
814 4544 920 4629 spoliis
979 4540 1011 4604 in
1032 4544 1256 4608 narrationibus
1278 4545 1466 4610 lslandorum
1490 4545 1611 4619 filiolo-

299 4639 454 4704 suishaud
473 4642 576 4707 divelli
590 4650 721 4732 patitur,
743 4649 785 4710 ita
807 4663 841 4712 nt
857 4671 919 4714 ma·
976 4649 1017 4712 ais
1035 4651 1152 4734 ‚septu
1183 4650 1328 4714 tribuitur
1366 4652 1438 4716 viris
1458 4651 1612 4718 ferocissi-

299 4746 397 4830 jorsm
414 4751 738 4830 opumserrandarum‚
751 4776 840 4836 quam
855 4761 916 4820 Hs·
976 4755 1032 4818 mis
1057 4755 1334 4841 (Forualdarsligur
1372 4759 1484 4823 rolrlll
1499 4781 1530 4843 p.
1543 4759 1609 4824 542

974 4883 1004 4940 p.
1022 4855 1092 4934 598,
1109 4861 1210 4930 rottt
1224 4884 1255 4946 p.
1277 4859 1361 4940 386).
1456 4915 1459 4924 .
