3520 5462
700 300 875 376 fflst’on.
890 299 994 372 DAN.
1012 231 1150 375 iinon
1165 301 1220 372 tit.

359 303 430 380 114
549 271 553 280 ’

305 521 410 590 Hunc
431 537 452 588 a
474 515 658 612 Mimiugo,
683 509 871 611 sylvarum
898 512 1061 608 Satyrot,
1084 505 1275 608 possideri..
1321 505 1450 584 Eidem
1465 534 1618 614 quoqne

305 637 481 712 armillum
501 661 591 727 esse,
608 639 698 708 mira
716 631 876 733 predam
900 653 1104 730 nomque
1125 633 1257 706 virtute
1280 637 1504 732 possessoris
1526 657 1619 734 opes

305 784 440 861 augere
460 757 636 833 solitam&
697 759 837 828 Horum
854 770 1030 853 praterea
1049 753 1213 830 locorum
1231 752 1372 828 aditum
1396 757 1535 830 invium
1549 758 1614 830 κ’

306 881 568 982 impedimentis
601 879 797 968 obfusam,
833 874 935 950 baud
961 875 1067 950 facile
1081 962 1086 984 ι
1102 875 1316 950 mortalibus
1344 891 1471 976 patene
1497 901 1619 976 posse.

306 1001 675 1104 Majorcmstqutdem
696 994 832 1073 itineris
851 1013 992 1098 purtem
1009 999 1163 1071 inusitati
1187 998 1333 1097 frigoris
1354 1001 1394 1074 vi
1409 1005 1628 1098 Ροηιῃῆιι·

307 1125 474 1202 obsideri.
526 1125 635 1201 iubet
650 1125 784 1222 itaque,
800 1125 915 1194 cervis
927 1121 1115 1222 jugalibus
1133 1145 1283 1194 omnm
1298 1124 1485 1211 matrum,
1513 1125 1622 1222 cnjus
1755 1173 1756 1182 ,

307 1251 486 1323 celeritate
504 1251 634 1320 eximio
652 1246 738 1346 gelu
751 1249 912 1343 ¹rigentia
926 1247 1016 1343 jug-a
1039 1241 1250 1318 trascendat.
1321 1246 1403 1336 Quo
1425 1267 1509 1322 oum
1528 1267 1622 1342 pcr-

309 1373 461 1461 venerit,
487 1369 760 1444 tabernaculum
788 1391 894 1440 suum
919 1371 966 1438 ita
998 1387 1019 1436 a
1044 1365 1123 1439 sole
1147 1389 1314 1441 aversum
1336 1369 1547 1455 constituat,
1582 1381 1623 1440 ut
1755 1455 1756 1460 Ἰ

309 1493 477 1568 umbram
494 1515 636 1592 specus,
660 1497 717 1564 eui
740 1491 933 1589 Mimingns
954 1490 1190 1579 assuevisset,
1222 1489 1384 1587 excipiet,
1407 1509 1476 1558 neo
1498 1486 1623 1584 ipsum
1755 1499 1756 1562 i

309 1632 434 1690 mutua
445 1632 564 1689 tamen
571 1613 1128 1710 obumbrationecontingat⁵,ne
1135 1613 1302 1708 Satynsm
1318 1607 1469 1682 insolitae
1477 1607 1621 1682 obscu-
1755 1599 1756 1620 ¹

331 1877 536 2006 ''ditintbgm
557 1925 704 2006 sylvarum
719 1917 841 2004 Satyro]
869 1923 932 1982 Pro
993 1897 997 1905 Ι
1044 1921 1181 1981 ³Invt'am
1197 1913 1243 1994 ae]
1259 1915 1309 1978 Sic
1324 1913 1430 1999 Siepb.
1450 1909 1508 1976 Ed.
1523 1911 1623 1998 princ.

310 2027 655 2116 MimingoStepbanius‚
672 2021 854 2088 fortasse'ad
867 2043 936 2087 can·
997 2045 1056 2086 om.
1079 2025 1123 2091 ac'.
1312 2027 1315 2032 ‘

312 2135 418 2199 tilerias
445 2147 563 2196 nostras
591 2133 727 2194 heroicas
751 2131 935 2215 (ltaenpcvi-
1042 2129 1331 2211 ‘contingantur
1347 2151 1461 2190 currum
1478 2125 1623 2204 unstruot]
1755 2113 1756 2194 ζ

311 2239 374 2322 ser)
398 2241 579 2325 respiciens,
605 2239 638 2300 in
668 2235 778 2322 quibus
801 2233 935 2298 occurrit
996 2232 1087 2298 Cerri
1108 2232 1224 2316 iugales
1248 2233 1310 2296 boc
1341 2234 1410 2295 loeo
1427 2229 1624 2316 intelligendi

310 2345 525 2432 ffiinand
538 2343 674 2423 (Dansbe
692 2344 781 2410 Viser
793 2341 843 2406 fra
857 2341 937 2406 taid-
995 2339 1123 2408 redunt
1134 2335 1304 2422 raoff'iori,
1327 2339 1379 2422 qui
1398 2337 1502 2420 &gua
1517 2357 1626 2402 tm·

311 2451 485 2516 delsideren
500 2457 516 2512 1
534 2453 571 2512 D.
587 2473 618 2536 p.
634 2447 719 2530 100),
732 2449 834 2533 posuit
847 2454 936 2512 Mrin·
996 2448 1066 2510 cula
1087 2451 1207 2524 Reerrer,
1226 2447 1362 2528 Rensdyr
1376 2455 1539 2522 vocamur,
1559 2442 1626 2528 qui-

313 2563 409 2646 ringo.
449 2555 548 2638 Satyri
575 2575 702 2632 unacum
728 2567 795 2616 toto
815 2556 934 2618 Fauno·

312 2685 379 2724 rum
397 2661 503 2739 choro,
522 2657 738 2744 aMytbologia
754 2656 870 2720 boreali
882 2657 937 2720 aii·

314 2769 373 2846 eui,
394 2790 477 2829 suam
496 2766 645 2850 originem
660 2785 696 2827 ex
715 2765 936 2828 latinitate-Sa·

314 2872 399 2936 sonia
428 2871 562 2934 trabunt.
629 2871 818 2934 Narrationis
847 2883 935 2934 autor

313 2977 459 3062 cogitavit
485 2977 549 3038 sine
575 2973 667 3037 dubio
703 2973 741 3037 de
773 2977 876 3062 aliquo
900 2997 934 3043 ex

311 3085 376 3146 istis
389 3080 565 3168 pusionibus
582 3081 737 3164 ropieolis,
764 3082 816 3168 qui
839 3085 937 3146 Drer-

312 3209 387 3272 gar,
407 3185 576 3253 srsrtalfar
601 3185 684 3268 dicti,
712 3198 743 3248 et
763 3187 856 3250 multa
876 3188 937 3250 cal·

311 3287 375 3356 lere
396 3305 427 3356 et
450 3313 523 3378 opes
547 3291 703 3378 possidere
728 3290 835 3355 crediti
858 3307 938 3358 sunt.

311 3400 346 3461 ln
361 3396 420 3461 isto
434 3398 580 3484 Mimiugo
589 3383 669 3460 latet
677 3393 806 3461 fortasse
825 3393 939 3462 intutu-

312 3506 375 3566 lum
387 3500 558 3566 traditionis
575 3502 612 3564 de
622 3501 760 3582 Mimero,
776 3523 865 3587 quem
876 3503 938 3566 Ed-

311 3606 359 3672 das
382 3606 557 3671 describunt
577 3619 720 3692 tanquam
738 3628 841 3672 senem
858 3609 938 3695 sapi-

312 3714 497 3778 entissimum
519 3725 549 3775 et
571 3710 746 3776 futurorum
765 3717 936 3798 praeseiunr,

312 3815 526 3903 cnjnsfontem
538 3815 717 3882 diiudierint
730 3821 938 3884 tumultuent.

356 3927 535 3988 ²Armt'llam
542 3929 721 4010 possessoris
740 3949 808 4011 opes
829 3952 937 4012 augere

310 4027 441 4107 solitam]
462 4028 548 4092 Talia
561 4025 683 4112 quidem
697 4029 814 4112 cimelia
827 4031 936 4116 saepius

311 4133 476 4202 occurrunt
506 4132 539 4196 in
572 4131 684 4196 fabulis
709 4137 935 4201 romanensibus

310 4241 404 4305 medii
418 4240 485 4321 ati,
500 4237 550 4302 bie
570 4249 671 4300 tamen
688 4240 829 4324 reliquias
844 4265 937 4328 agno-

311 4367 396 4411 scere
411 4327 484 4408 mibi
503 4344 609 4408 videor
631 4345 801 4410 traditionis
824 4347 861 4410 de
886 4371 938 4411 an·

310 4455 384 4516 nudo
398 4451 490 4516 Odisti
507 4457 662 4539 Draupnr'r
688 4453 788 4532 dicio,
816 4454 863 4516 cui
885 4454 937 4516 illa

312 4557 439 4623 adhaesit
466 4559 655 4643 proprietas,
696 4573 732 4622 ut
760 4581 839 4622 noua
864 4583 938 4644 qua·

311 4684 371 4750 que
384 4676 473 4725 nocte
490 4684 525 4726 ex
543 4684 579 4726 eo
596 4679 667 4726 ueto
683 4649 871 4728 destillarem¹
885 4689 936 4728 au·

235 4801 237 4806 s
306 4759 378 4833 ¹nuli
414 4769 528 4852 pariter
555 4769 720 4852 ponderosi
749 4769 824 4849 (tid.
858 4769 937 4834 Edd.

311 4879 418 4938 Snorr.
432 4895 462 4956 p.
481 4867 532 4946 66,
556 4872 639 4952 131).

996 2555 1053 2618 bus
1066 2551 1217 2636 hodieque
1231 2551 1297 2616 vice
1316 2549 1525 2634 jumentorum
1545 2552 1628 2636 Lap-

996 2679 1092 2746 pones
1106 2669 1252 2731 utuntur„
1282 2639 1286 2646 ¹

1043 2769 1108 2829 ⁵Ut
1133 2765 1259 2825 umbram
1285 2789 1387 2850 specus
1405 2767 1548 2852 crepitat,
1574 2789 1625 2826 nec

995 2877 1089 2960 ipsum
1103 2886 1206 2932 mutua
1220 2886 1313 2930 tantan
1328 2869 1543 2931 obumbratione
1558 2893 1628 2932 eon·

996 2974 1107 3062 tingat]
1144 2971 1309 3056 Problema
1345 2971 1396 3035 hic
1430 2973 1629 3060 proponitur,

997 3081 1081 3170 quod
1100 3079 1132 3142 in
1153 3079 1270 3144 cacteris
1287 3081 1422 3165 Europae
1449 3079 1628 3166 regionibus
1755 3077 1756 3086 ³

996 3187 1075 3252 solvi
1092 3181 1173 3249 baud
1201 3184 1359 3271 potuisset.
1412 3187 1490 3248 Nam
1522 3185 1629 3252 eadem
1724 3187 1756 3256 “,

996 3297 1064 3358 loca
1093 3292 1252 3374 erectiora,
1274 3313 1343 3376 quse
1363 3290 1458 3356 radiis
1478 3293 1553 3357 solis
1566 3295 1630 3360 ori·

999 3399 1076 3462 entis
1095 3377 1212 3484 patent,
1233 3409 1363 3488 propter
1382 3399 1461 3462 coeii
1483 3413 1630 3484 meatum,

997 3504 1062 3570 sole
1077 3501 1115 3566 ad
1130 3521 1268 3566 occasum
1281 3517 1439 3588 vergente,
1459 3503 1568 3571 umbra
1581 3521 1630 3572 te·

996 3623 1118 3698 guntur.
1158 3612 1274 3676 Verum
1289 3610 1445 3674 enimvero
1460 3609 1512 3674 bic
1525 3633 1628 3678 sermo
1755 3631 1756 3654 ¹

997 3729 1043 3780 est
1057 3714 1094 3779 de
1108 3711 1301 3780 Finmarobia
1314 3713 1370 3778 sub
1386 3715 1494 3780 ultimo
1507 3730 1631 3802 septen-
1755 3739 1756 3800 f

997 3822 1098 3886 trione
1114 3822 1188 3899 sita,
1217 3817 1314 3906 deque
1333 3819 1397 3884 sole
1411 3819 1558 3904 hyberno,
1574 3823 1631 3910 qui

997 3929 1136 4014 exiguum
1151 3926 1257 3990 detuli
1272 3939 1460 4012 segmentum
1478 3947 1568 3994 eursu
1585 3927 1635 3992 di·

997 4055 1075 4097 urno
1096 4032 1127 4095 in
1150 4031 1196 4095 bis
1214 4031 1304 4096 terris
1319 4031 1450 4096 conficit.
1505 4037 1540 4096 ln
1570 4033 1635 4100 bac

997 4139 1092 4227 igitur
1117 4152 1268 4201 terrarum
1293 4150 1382 4224 parte
1408 4137 1538 4203 solvitur
1556 4163 1635 4225 pro-
1755 4121 1756 4200 i

997 4245 1100 4307 blema
1116 4244 1293 4308 assumendo
1308 4243 1548 4328 tabernaculum,
1564 4269 1635 4310 mo-
1755 4233 1756 4274 ¹

999 4341 1068 4412 dico
1090 4351 1252 4414 intervallo
1288 4371 1304 4410 a
1332 4369 1425 4433 specu
1447 4351 1635 4437 sejunctum,

998 4469 1105 4520 eontra
1120 4457 1232 4520 ostium
1247 4453 1311 4537 e'jus
1330 4479 1346 4518 a
1359 4451 1566 4540 septentrione
1583 4457 1636 4524 fu-

997 4565 1055 4625 isse
1083 4573 1286 4641 exstructum,
1319 4561 1431 4641 itaut,
1459 4565 1635 4652 quicunque
1755 4595 1756 4624 i

998 4689 1128 4754 espccu
1148 4670 1259 4749 exiret,
1286 4684 1318 4733 et
1345 4671 1512 4734 tentorium
1533 4684 1566 4733 et
1585 4694 1635 4736 se·
1755 4743 1756 4752 χ

998 4777 1205 4863 ptentrionem
1223 4797 1259 4839 ex
1281 4777 1405 4840 adverso
1429 4775 1566 4840 baberet.
