3442 5456
371 297 443 368 266
708 293 884 364 luston
902 294 1161 368 nanneten
1177 295 1234 408 lli.

319 511 452 580 Contra
470 501 667 595 llnruudus,
684 504 800 600 patric
816 505 1008 578 instructus
1032 502 1210 600 praesidio,
1235 504 1381 580 ebriam
1403 513 1513 583 exerit
1527 503 1611 580 clas-

319 651 406 702 sem.
458 624 683 698 1010000001ι
702 624 886 724 appellant
903 632 1045 716 sinum,
1063 632 1100 696 in
1114 651 1222 724 quem
1238 626 1358 704 elussis
1382 645 1535 725 utreque
1557 651 1613 700 00-

320 754 417 822 ierat.
470 747 539 820 Ubi
564 747 762 839 Fridlevus,
791 765 898 822 noctu
927 747 1134 844 speculandi
1162 755 1276 849 gratia
1303 751 1427 824 castris
1450 773 1614 848 egressus,

319 899 405 945 cum
421 872 627 944 inusitatum
643 868 898 968 quendamicti
923 875 1016 944 acris
1038 895 1166 944 sonum
1200 877 1363 944 eominus
1396 875 1611 970 percepisset,

318 995 391 1068 fixo
414 991 529 1092 grndu
553 995 765 1090 suspiciens,
797 999 908 1066 trium
932 995 1077 1070 olorum
1091 1019 1246 1092 superne
1268 994 1529 1094 clangentium²
1555 993 1613 1067 hue

319 1143 404 1190 aure
418 1139 562 1190 carmen
575 1119 729 1212 excepit:

450 1243 550 1310 Dum
563 1263 668 1310 mare
682 1239 797 1310 verrit
808 1237 946 1336 Hytluiz
970 1237 1188 1338 rabidosque
1204 1238 1398 1315 intersecat
1413 1239 1559 1324 aestus³‚
1584 1306 1588 1317 ,

449 1365 552 1434 Auro
566 1386 686 1434 verna
698 1361 782 1435 bibit
805 1379 841 1434 et
857 1364 978 1434 100100
989 1363 1103 1463 pocla
1118 1362 1248 1460 ligurit

452 1483 600 1585 Optima
615 1485 774 1562 condalio
789 1485 900 1576 sertui,
925 1487 988 1560 eni
999 1513 1085 1585 rege
1104 1492 1268 1559 creatus⁴

452 1608 678 1708 Obseqnitur,
696 1591 824 1684 emere
842 1611 990 1684 nurtau's
1007 1610 1174 1698 sorn'bur,
1198 1607 1347 1682 tuerer.

320 1733 487 1830 Denique
501 1748 583 1829 post
602 1738 697 1830 ipsas
716 1717 840 1807 alituin
859 1761 966 1810 voees
980 1735 1122 1832 lapsum
1141 1734 1188 1806 nb
1211 1733 1283 1806 ulto
1303 1733 1487 1832 cingulum
1510 1729 1615 1802 literas

319 1855 485 1926 carminis
512 1861 718 1952 interpretes
732 1857 956 1953 praeferebat.
1015 1859 1120 1956 Regis
1147 1861 1284 1954 quippe
1307 1851 1611 1931 Thialamnrchise‘

319 1978 468 2069 filium⁷,
495 1977 679 2074 pueriliter
703 1978 955 2072 obludentem,
978 1987 1077 2081 gigas
1103 1978 1238 2078 llytlrin
1264 1984 1425 2068 nomine,
1460 1982 1615 2052 usitatum

365 2210 569 2294 ¹Frrirnsund]
580 2214 678 2277 butor
689 2217 870 2280 narrationis
878 2216 941 2282 fcr-
1002 2216 1164 2302 Nnrvegite
1176 2217 1215 2280 ab
1233 2213 1360 2280 lelandis
1379 2211 1562 2278 Tbelcmiirlt
1580 2207 1616 2268 di·

317 2335 396 2384 tasse
404 2318 592 2404 cogitaritde
599 2320 824 2402 Frelseynrsuusl
834 2324 865 2384 in
881 2337 941 2386 tra·
1001 2341 1094 2406 ctum,
1109 2345 1189 2386 nune
1202 2322 1381 2386 'l'ellcmarlu

318 2439 370 2488 ctu
391 2426 520 2490 Mereusi
535 2425 609 2504 (vid.
622 2427 809 2514 Sebiinning
824 2433 940 2498 Ncrsle
1044 2429 1179 2512 ⁷Filium]
1189 2428 1317 2496 Videtur
1323 2425 1373 2488 bic
1385 2421 1548 2510 legendum
1562 2439 1616 2480 esse

317 2531 453 2594 Ηὶθῒῠΐῐθ
469 2531 531 2595 101·
548 2529 609 2615 11¹·
625 2531 706 2614 197)
989 2545 1098 2627 fibert.
1122 2541 1199 2600 Nam
1213 2547 1283 2621 post
1298 2534 1391 2618 paulu
1409 2529 1521 2594 dieitur
1540 2521 1617 2590 erid-

362 2639 508 2700 ²Olornm
522 2663 645 2724 superne
657 2638 866 2724 clangentium]
879 2644 939 2703 Re·
1000 2650 1084 2710 levus
1101 2641 1230 2725 Hythini
1248 2641 1350 2718 filiam,
1375 2657 1467 2724 quant
1489 2641 1617 2695 monstro

317 2756 367 2806 ete
390 2743 466 2806 dixit
490 2746 583 2806 olores
601 2748 784 2829 clangente55
814 2747 940 2832 clangor
1000 2761 1161 2827 exemerat,
1181 2747 1333 2824 Haldaun,
1353 2745 1419 2828 regi
1434 2737 1619 2815 80001010-

317 2849 406 2914 enim¹
430 2851 556 2934 proprie
587 2851 707 2914 olorum
734 2867 765 2916 et
801 2875 940 2918 anserum
1000 2871 1152 2944 petresse,
1197 2851 1250 2916 sed
1285 2851 1419 2914 eculusis
1455 2844 1619 2912 0010101111

317 2968 371 3018 est
391 2952 440 3036 (S)
454 2955 601 3020 Vidnct.
614 2955 697 3020 uber.
1000 2965 1081 3049 regis
1102 2975 1134 3026 et
1158 2959 1296 3045 gigantis.
1354 2961 1432 3020 Nem
1450 2955 1500 3020 hie
1526 2954 1619 3039 gignu-

362 3065 464 3124 ³Dum
484 3088 563 3124 marc
593 3070 684 3126 verrit
716 3068 832 3149 Hstluit
865 3069 941 3130 rabi·
999 3084 1073 3148 tem,
1090 3067 1153 3130 illie
1176 3085 1280 3150 regem
1294 3063 1464 3146 Hythinum
1482 3060 1619 3124 nominat

317 3171 424 3254 desque
439 3175 593 3232 intersecat
605 3169 705 3252 cestus]
726 3173 941 3236 11οο1001010-
1000 3177 1065 3240 Nisi
1083 3174 1164 3239 l'crte
1188 3173 1246 3235 elia
1267 3172 1308 3234 sit
1331 3169 1457 3233 historie
1477 3165 1572 3254 puelli
1590 3162 1620 3222 li·

315 3271 429 3358 quendi
457 3273 556 3358 poetis
593 3277 721 3339 usitatas.
792 3276 940 3360 Virgilius
998 3282 1108 3360 hereti,
1131 3300 1200 3366 quas
1220 3277 1270 3341 hie
1291 3289 1448 3356 narretur,
1474 3277 1535 3338 slis
1555 3289 1620 3334 0000

316 3379 500 3443 AEtteitl.lib.
515 3373 592 3458 Vlll,
614 3379 690 3444 6131
714 3389 754 3448 Et
768 3391 873 3450 circum
892 3411 940 3447 ur·
998 3389 1109 3476 puellae
1125 3397 1288 3468 esemplae,
1318 3382 1355 3446 ad
1377 3402 1469 3468 quem
1497 3379 1561 3442 illie
1580 3391 1620 3436 re·

313 3504 403 3568 gente
412 3488 488 3548 clari
501 3488 647 3576 delphines
666 3498 696 3554 in
720 3495 813 3554 orbem
829 3499 941 3576 Aequo·
998 3493 1142 3580 spiritur,
1166 3512 1312 3574 nusquam
1334 3501 1464 3552 narrata.
1517 3489 1620 3548 Haste·

317 3615 352 3653 ra
371 3593 523 3654 verrebant
547 3599 650 3660 enudt's
678 3617 831 3682 testumque
861 3622 940 3660 recn-
999 3623 1055 3663 nus
1073 3590 1266 3683 stephanius,
1285 3596 1337 3679 qui
1356 3613 1467 3656 nexum
1481 3588 1622 3654 numile-

208 3698 214 3714 ¹
315 3700 394 3761 bm-
414 3696 463 3780 (S)
661 3746 666 3758 =
1001 3707 1047 3770 nis
1071 3705 1151 3768 haud
1175 3700 1357 3764 intellexisse
1384 3697 1515 3764 videtur.
1562 3689 1623 3756 Pri·

361 3803 602 3887 *Regernatusl
623 3806 728 3887 idest,
749 3819 938 3892 regenatus3
1000 3834 1084 3874 mum
1106 3808 1198 3873 100110
1226 3810 1322 3888 fabiam
1350 3805 1423 3868 satis
1453 3799 1622 3866 defenditur

314 3909 357 3972 ita
375 3908 522 3994 Virgilius
543 3911 575 3972 in
591 3912 708 3974 AEneid.
723 3915 774 3976 lib.
791 3914 840 3992 10,
862 3910 938 3975 517:
1001 3931 1033 3980 ct
1048 3915 1308 4001 precedentibus,
1335 3912 1388 3974 ubi
1407 3931 1512 3974 sermo
1531 3920 1576 3970 cst
1589 3901 1622 3963 dt

314 4018 448 4079 Satanae
470 4036 583 4079 creatos
606 4037 732 4100 quatuor
748 4020 879 4100 juvenes.
999 4024 1063 4086 filio
1082 4005 1162 4107 regii
1175 4020 1330 4107 indignam
1345 4032 1461 4082 sortem
1482 4014 1623 4103 patiente,

360 4127 496 4186 ‘Temere
523 4130 644 4186 mutatis
666 4127 812 4198 sortibus-⁴,
836 4121 938 4204 lueres]
1001 4144 1031 4194 et
1046 4130 1250 4215 sequentibus,
1272 4127 1431 4209 inquibus
1453 4123 1571 4186 mentio
1591 4116 1622 4176 fit

313 4231 424 4292 &neus
438 4230 576 4293 versiculi
590 4231 711 4322 hicest:
731 4236 810 4294 Dum
822 4231 939 4314 Hytbin
1001 4234 1199 4300 adolescentis
1242 4231 1354 4316 captiui
1393 4229 1518 4311 remigis
1555 4243 1622 4306 ope

313 4354 370 4418 per
388 4335 482 4398 maris
502 4339 640 4422 navigat,
655 4357 748 4402 verus
769 4339 833 4421 ejus
854 4339 938 4400 luxu·
1000 4365 1065 4406 ram
1080 4360 1219 4406 exercere
1233 4339 1339 4402 euecti.
1374 4334 1496 4398 Deinde
1509 4333 1543 4394 in
1559 4349 1619 4392 rer·

314 4440 394 4504 riose
415 4443 492 4506 vivit
508 4457 539 4506 et
558 4445 670 4527 primas
685 4459 787 4531 partes
801 4446 939 4522 sustinet,
999 4448 1095 4510 siculo
1117 4468 1209 4530 supra
1238 4445 1331 4508 allsto
1356 4441 1542 4506 describitur
1566 4441 1623 4518 Hy·

314 4547 428 4632 qnippe
443 4550 490 4610 cui
509 4550 588 4613 iilius
609 4554 691 4636 regis
712 4554 860 4639 regnique
879 4553 940 4614 100-
999 4553 1067 4616 thin
1086 4566 1171 4616 trans
1185 4551 1276 4614 meria
1290 4552 1451 4634 navigem
1473 4546 1537 4626 ism
1556 4561 1622 4608 vern

313 4673 363 4718 tes
375 4655 626 4718 servireeoactns
640 4663 688 4720 111.
998 4679 1145 4744 nusquam
1163 4660 1196 4720 in
1214 4655 1430 4720 traditionibus
1449 4650 1623 4718 1100001111οι

358 4760 642 4843 ’ΤΙιιὶιὶαηιανεΙιίω]
666 4766 765 4826 butor
786 4761 938 4824 narratio·
997 4762 1145 4828 sistuntur
1173 4764 1311 4846 gigantes
1339 4774 1375 4826 ut
1407 4772 1530 4839 nautte,
1573 4777 1623 4820 un·

315 4866 360 4928 nis
388 4863 469 4926 haud
495 4863 585 4938 dubie
617 4865 765 4930 intellexit
803 4877 935 4928 tractum
993 4868 1207 4952 de'sequitur,
1236 4866 1406 4949 llrthiuum
1431 4887 1495 4930 nen
1520 4865 1622 4952 gigan·
