3442 5456
511 372 515 380 -
643 325 911 400 FRIDLEVUS.
1304 333 1376 406 265

121 557 204 604 mox
225 531 411 608 Fridlevus
426 536 601 608 mntentiae
614 561 690 610 sure
710 536 875 635 exemplo
900 555 1138 638 provocatum
1155 543 1344 638 oppressit,
1364 517 1435 614 tu-'
1513 547 1517 568 '

55 717 59 724 ,
118 652 223 728 nmio
236 655 393 736 cadaver
413 656 572 734 obruens
588 659 760 734 interfecti
778 657 995 736 vocabulum
1011 659 1221 734 referentes

250 779 321 874 Qui
336 779 569 878 postmodum
585 807 605 856 a
623 785 709 874 suis,
731 780 975 882 propagandae
994 781 1130 856 sobolis
1146 783 1268 883 gratia
1294 787 1428 884 conju·-

117 901 178 1000 gio
200 899 269 974 sibi
286 899 473 976 consulere
489 905 655 995 monitus,
677 903 848 980 coelibem
866 920 1036 1004 praestare
1051 906 1158 980 ritem
1174 922 1323 1004 paterno
1338 933 1429 981 oon-

117 1021 285 1096 tendebat
297 1024 480 1124 exemplo,
499 1025 602 1125 quod
618 1025 790 1102 Frothoni
809 1028 972 1127 conjugis
999 1025 1192 1126 petulantia
1209 1053 1318 1128 grave
1334 1055 1427 1128 pro-

115 1141 226 1217 brum
242 1145 397 1222 affixerit.
448 1148 502 1220 Ad
523 1147 694 1241 ultimum,
715 1149 1067 1249 perseverantissimis
1076 1151 1236 1222 omnium
1256 1151 1427 1248 precibus

117 1267 245 1360 metus
273 1295 338 1368 per
357 1267 491 1370 legatos
507 1293 697 1371 aggressus
717 1285 771 1346 est
802 1273 992 1370 Norvagiae
1008 1277 1107 1370 regis
1139 1271 1292 1344 nmuudi
1317 1271 1425 1346 filiam

116 1389 310 1486 posnalarc.
361 1395 525 1486 Quorum
543 1397 774 1486 unus,Frtico
788 1397 946 1486 nomine,
961 1392 1131 1467 fluctibus
1146 1395 1235 1468 inter
1248 1400 1425 1495 navigan-

116 1511 208 1586 dum
235 1513 468 1612 absumptus,
494 1519 699 1590 inusitatum
722 1520 876 1590 moriens
890 1516 1094 1616 prodigium
1115 1515 1223 1588 dedit.
1281 1521 1427 1616 Quippe

117 1636 179 1710 ubi
199 1635 299 1710 illum
315 1637 478 1712 couiluus
496 1637 674 1714 undarum
689 1656 797 1714 aestus
813 1639 1003 1738 implicuit,
1029 1639 1174 1738 sanguis
1196 1636 1314 1711 medio
1332 1655 1425 1711 etra-

116 1773 174 1832 tus
198 1765 339 1860 gurgite
369 1769 418 1834 ita
445 1778 555 1837 totam
579 1763 681 1859 ponti
706 1762 854 1836 iaciem²
886 1761 1077 1861 peregrino
1105 1758 1265 1858 quodam
1289 1761 1424 1834 rubore

1 1887 2 1895 ’
114 1879 292 1977 perfudit,
324 1899 366 1958 ut
380 1909 573 1982 spumeum
589 1884 701 1982 paulo
716 1900 797 1956 ante
822 1885 973 1985 pelagus
994 1881 1234 1982 procellisque
1263 1882 1423 1956 albidum

114 2027 199 2074 mox
221 2006 381 2101 puniceis
398 2006 568 2082 fluctibus
589 2011 825 2082 intumescens
862 2007 1017 2080 alienum
1039 2021 1207 2094 enatura
1229 2029 1296 2080 sua
1318 2003 1425 2082 colo-

112 2149 192 2198 rem
207 2125 355 2201 induere
373 2127 560 2204 videretur.
612 2128 798 2204 rimundus
813 2155 912 2220 vero,
929 2131 1037 2229 regiae
1061 2132 1238 2226 petitionis
1254 2129 1423 2203 inexora-

110 2247 231 2322 biliter
262 2269 345 2325 rota
376 2250 585 2342 frustratus,
624 2250 747 2350 legatis
773 2247 993 2326 indecentius
1016 2250 1167 2342 habitis,
1200 2250 1423 2349 tyrannidem

109 2371 303 2448 Frothonis
317 2373 404 2447 olim
419 2373 606 2472 Norragiae
622 2373 766 2472 gravius
787 2376 1025 2446 imminentem
1067 2397 1211 2445 causem
1244 2395 1424 2470 spernen-

108 2493 170 2570 dae
186 2493 373 2596 legationis
397 2498 555 2570 asseruit.
605 2495 820 2595 'Frogertlra
837 2521 923 2567 vero
950 2491 1034 2590 (fitia
1056 2493 1135 2568 hrec
1161 2493 1314 2567 Amundi
1334 2497 1423 2592 erat)

108 2645 186 2692 nou
210 2618 320 2694 modo
332 2619 485 2693 Fridlevi
504 2643 617 2720 genus
641 2621 782 2708 inmite,
815 2617 880 2691 sed
904 2622 1008 2691 etium
1033 2617 1207 2690 factorum
1236 2615 1422 2690 claritudi-

107 2765 194 2816 nem
216 2759 402 2836 veneram,
441 2743 593 2816 convitio
624 2759 761 2842 patrem
795 2741 933 2840 insequi
959 2743 1089 2839 coepit,
1122 2739 1225 2838 quod
1249 2765 1422 2841 generum

105 2861 247 2936 habero
260 2869 461 2962 sprevissct,
486 2865 592 2963 cujus
619 2881 866 2938 consummata
889 2863 1055 2938 nobilitas
1078 2889 1144 2938 neo
1166 2866 1294 2937 virtute
1323 2861 1421 2938 deii·

104 3001 208 3061 ceret
238 3011 305 3059 nec
320 2989 491 3086 sanguine
506 2987 730 3062 claudicaret.
780 2985 920 3086 Adjecit
935 3012 1094 3086 quoque,
1117 2983 1350 3085 prodigialetn
1369 2987 1420 3058 il·

104 3109 182 3181 lam
199 3113 307 3182 mans
325 3108 462 3199 faciem,
489 3109 595 3183 undis
612 3127 759 3208 repento
783 3115 817 3180 in
834 3112 1041 3209 sanguinem
1065 3113 1186 3195 versis,
1218 3109 1306 3206 quid
1322 3107 1421 3182 aliud

104 3255 220 3330 quam
238 3235 447 3330 Norvngicae
470 3229 581 3304 cladis
596 3237 840 3332 interpretem,
866 3232 1011 3302 Danicae
1031 3255 1117 3303 vero
1137 3235 1291 3303 victoriae
1306 3231 1420 3330 liqui-

103 3355 197 3428 dum
213 3354 364 3427 extitisse
386 3355 613 3454 portentum?
666 3357 781 3448 Quom
800 3380 882 3425 cum
899 3351 1087 3426 Fridlevus
1111 3355 1243 3428 iteratae
1264 3349 1420 3458 legatio-

101 3481 160 3552 nis
180 3473 301 3550 oilicio
315 3473 523 3573 postularet,
548 3477 811 3574 perseverantia
827 3474 1009 3574 repulsam
1027 3481 1168 3550 vincere
1184 3479 1342 3576 cupiens,
1357 3481 1419 3552 in-

98 3599 274 3698 dignatus
295 3595 494 3688 Amunclus,
517 3623 592 3672 rem
614 3623 635 3670 a
657 3598 823 3672 sesemel
848 3614 1009 3697 negatam
1025 3599 1240 3695 pertinacius
1259 3587 1419 3702 flagitari,

97 3726 219 3820 raptis
233 3719 280 3792 ad
300 3743 425 3792 necem
451 3719 587 3820 legatis,
609 3722 767 3820 improbi
791 3723 953 3820 petitoris
975 3699 1104 3794 studto'
1114 3720 1292 3797 crudelius
1306 3722 1419 3799 obvi-

97 3841 241 3917 andum
257 3845 404 3914 curavit.
457 3843 569 3940 Cujus
589 3845 730 3942 injurios
745 3843 934 3918 Fridlevus
954 3844 1085 3916 fumum
1104 3861 1289 3943 expertus,
1321 3845 1417 3917 liul-

97 3965 202 4040 dano
223 3989 266 4037 ac
287 3965 462 4038 bitirnone
484 3964 643 4058 adscitis,
677 3971 891 4066 Norvagiam
916 3967 1137 4069 navigatione
1160 3965 1417 4066 complectitur.

146 4266 295 4326 ¹Yamuio
320 4265 471 4349 interfecti
493 4267 662 4328 vocabalum
685 4289 729 4327 re·
788 4264 820 4326 in
848 4264 1023 4327 continente
1046 4265 1147 4342 latim,
1175 4273 1206 4325 et
1234 4259 1357 4348 quidem
1384 4263 1415 4324 in

88 4365 229 4456 serente]
243 4365 452 4431 iltidtieldius
464 4369 559 4446 (uia.
574 4373 652 4432 Dan.
670 4372 729 4432 rol.
792 4369 931 4434 Vendilie
945 4371 1035 4433 situm
1055 4369 1182 4448 (Critislt
1203 4366 1338 4430 Historia
1358 4369 1415 4430 rol.

93 4481 107 4540 l
124 4499 161 4560 p.
178 4471 233 4552 il)
248 4486 280 4536 et
292 4473 423 4538 insulam
438 4487 469 4538 et
481 4477 631 4539 tumulum
640 4477 730 4539 Hiar·
788 4473 810 4538 3
826 4499 858 4559 p.
875 4474 959 4555 123.)

91 4581 191 4645 ηοπίε
212 4581 390 4663 cognovisse
406 4581 536 4659 ridetur,
564 4581 631 4644 bec
652 4579 731 4645 affe·
835 4583 955 4642 ²Pontr'
971 4580 1098 4666 sacrem]
1125 4581 1275 4666 Apposite
1300 4579 1415 4643 Gellius
1454 4645 1456 4650 ,

92 4707 190 4752 tenet
209 4683 270 4749 eff
281 4686 410 4750 bracem
426 4687 489 4751 sltl
506 4707 587 4752 resto
608 4687 730 4752 neffnot
789 4685 856 4748 lib.
871 4690 940 4750 xttt
960 4707 1026 4773 cap.
1043 4684 1100 4752 28.
1119 4693 1233 4759 Montis
1255 4705 1285 4751 et
1300 4692 1374 4752 coeii
1385 4705 1415 4750 et

94 4793 239 4857 uiuendo
260 4813 301 4877 og
318 4793 534 4858 Hiarnnohoie.
584 4795 728 4860 Submitts
788 4797 878 4856 mart's
895 4795 1009 4877 fact'es,
1036 4797 1065 4856 si
1093 4800 1258 4882 tempestive
1285 4797 1414 4864 dt'cotur,

92 4915 225 4986 quoqne
239 4911 387 4962 moororst
402 4901 550 4964 tumulum
563 4901 727 4971 iliarnonis
787 4903 875 4986 probe
888 4903 1006 4964 dicitnr.
1029 4903 1081 4982 (S)
