3506 5458
704 338 878 424 SVENO„
985 412 987 420 ,
1040 407 1045 428 ,
1316 341 1389 417 499

125 555 231 622 nevit.
282 553 514 624 Percontatus
534 554 642 638 enim,
666 571 713 620 an
737 551 877 622 monitis
909 555 984 624 suis
1007 552 1214 628 obsecuturi
1236 575 1374 650 essem,
1406 565 1436 634 si

124 671 174 744 sd
189 670 371 771 flagrantis
386 670 470 744 terri
487 687 622 746 tactum
638 695 784 746 monum
800 671 878 768 ejus
894 666 1040 744 laesione
1056 698 1205 749 vacuam
1223 686 1437 778 conspexis-

124 810 221 884 sent,
246 795 422 868 universis
445 791 545 869 baud
570 791 683 868 dubie
709 793 911 892 parendum
934 793 1256 890 respondentibus,
1275 801 1438 876 conden-

123 932 193 988 tero
209 915 294 988 terri
315 915 483 990 laminam
504 916 719 992 chirotbccae
744 917 898 994 formam
926 915 1118 992 habentem
1144 919 1301 1018 expediri
1324 925 1438 1022 jussit,

123 1039 229 1138 eique
246 1037 434 1114 brachium
447 1040 570 1116 cubito
585 1055 686 1114 tenos
705 1043 860 1132 inseruit,
889 1065 932 1114 ac
946 1047 1108 1138 protinus
1131 1060 1199 1139 per
1222 1069 1346 1118 ornnes
1374 1048 1429 1120 in-

122 1167 242 1234 territe
264 1162 507 1236 circumlatam
533 1179 614 1236 ante
644 1165 815 1261 principis
840 1162 954 1263 pedes
987 1168 1162 1255 excussit,
1203 1163 1438 1268 dextramque

123 1282 223 1356 nulla
238 1309 283 1358 ex
301 1299 404 1383 parte
424 1301 632 1384 corruptam
653 1287 690 1358 in
714 1287 844 1362 eodem
866 1285 1116 1360 incolumitatis
1137 1286 1341 1386 colorisque
1364 1289 1439 1364 ba-

123 1405 202 1480 bitu
231 1406 408 1507 religiosae
440 1411 602 1480 omnium
620 1407 856 1514 admirationi
890 1407 1178 1506 conspiciendam
1221 1418 1439 1487 memneris

125 1532 208 1622 Quo
229 1547 302 1602 tam
318 1529 467 1604 mirifico
484 1530 691 1630 spectaculo
713 1531 848 1630 alioqui
861 1531 1099 1606 inexorabiles
1122 1529 1241 1604 studio
1261 1557 1329 1605 suo
1343 1557 1437 1608 coo-

126 1667 314 1729 scotaneos
339 1651 511 1745 reddidit,
538 1654 730 1754 effecitque
751 1670 793 1728 ut
815 1651 1018 1753 perieulum
1041 1677 1113 1726 non
1143 1651 1437 1751 impedimentum

126 1775 343 1850 monitorum
364 1775 444 1874 ejus
460 1791 563 1868 suet,
588 1775 653 1852 sed
669 1782 962 1878 experimontum.
1022 1777 1216 1849 Enimuero
1232 1781 1348 1876 ipsam
1373 1807 1438 1854 re-

124 1919 208 1969 rum
231 1913 394 1972 naturam
416 1899 560 1974 audacie
582 1900 655 1972 roti
682 1903 876 1973 constantia
901 1897 1092 1996 superavit.
1151 1900 1371 1992 Quinetiam
1395 1927 1438 1974 ea

125 2017 288 2094 miraculi
301 2020 506 2096 celebritate
518 2026 713 2096 aeternum¹
733 2028 827 2120 genti
849 2037 982 2096 nostrae
996 2019 1179 2120 religionis
1197 2023 1361 2120 epipitum
1375 2025 1437 2098 in-

124 2145 320 2241 generavit.
372 2147 454 2237 Quo
469 2146 597 2235 evenit,
620 2160 660 2220 ut
675 2147 780 2235 Dani,
794 2143 964 2244 abrogata
978 2140 1183 2216 duellorum
1204 2145 1439 2220 consuetudi-

123 2270 207 2358 ne²,
232 2265 406 2365 pleraque
422 2291 610 2342 causarum
629 2265 763 2366 judicia
781 2291 826 2340 eo
846 2263 1077 2365 experimenti
1092 2287 1221 2363 genere
1239 2281 1438 2342 constatura

125 2385 375 2483 decernerent,
394 2392 718 2464 controversiarum
742 2413 891 2462 examen
912 2387 1043 2460 rectius
1067 2383 1114 2457 ad
1140 2385 1324 2459 arbitrium
1341 2387 1438 2462 diri-

123 2535 212 2586 num
234 2537 346 2612 quarn
360 2512 408 2586 ad
420 2511 616 2587 hurnanam
635 2513 744 2584 rixam
764 2508 999 2610 relegandum
1015 2523 1190 2607 putantes.
1244 2511 1439 2602 Quamob-

128 2661 206 2710 rem
221 2639 349 2736 Poppo
367 2660 388 2710 a
409 2639 562 2711 maximo
572 2631 742 2731 pontifice
749 2633 932 2707 Bremensi
940 2629 1128 2732 Adaldago
1138 2632 1238 2732 apud
1247 2636 1436 2710 Arusium³

177 2903 367 2987 ²AEterrtum]
386 2901 446 2970 Ed.
478 2927 525 2991 pr.
548 2903 642 2970 babet
663 2921 760 2970 eeter-
814 2915 877 2966 tam
898 2899 992 2964 fuisse
1011 2901 1044 2964 in
1063 2900 1273 2986 septentrione
1295 2901 1440 2986 gestatio·

126 3037 195 3078 aare
212 3009 501 3080 erroremenifesto.
814 3029 884 3072 sem
904 3005 981 3072 lerri
999 3003 1157 3070 madentis
1174 3017 1246 3070 ante
1261 3005 1440 3091 religisnexn

174 3123 352 3207 ’Δημέα
363 3120 523 3182 duellorum
537 3113 754 3198 commanem]
814 3114 1018 3180 cunensem
1034 3111 1259 3191 innodantem,
1287 3123 1321 3178 et
1344 3113 1441 3178 boue

128 3225 215 3286 oen
233 3219 284 3290 hie
304 3225 470 3294 tententiae
481 3227 593 3290 Noster
620 3221 754 3311 profert,
813 3220 1120 3308 probationiegenut,
1136 3239 1208 3284 eunt
1221 3215 1329 3282 frende
1343 3239 1450 3284 tecm·

129 3326 406 3398 tn'rtculotcilieet
421 3331 669 3416 Popponis,eire
684 3329 756 3394 reli·
814 3327 912 3393 dotali
936 3345 1056 3411 semper
1080 3325 1229 3408 junctum,
1256 3349 1275 3390 ι
1304 3325 1441 3390 moribus

128 3431 222 3516 pone
245 3434 417 3500 Christiana
442 3436 475 3500 in
501 3437 629 3502 [taniam
658 3437 780 3500 tnuoa,
813 3434 987 3520 priscorum
999 3432 1175 3496 Boreelium
1189 3428 1442 3518 etformareipn-

131 3537 241 3617 dueta,
261 3551 294 3604 et
313 3537 414 3606 duella
437 3539 530 3608 luisse
549 3541 696 3628 abrogata
726 3554 770 3630 et
814 3539 922 3618 blico,
950 3537 1121 3625 quainter
1144 3555 1197 3600 eos
1222 3537 1359 3622 rigeret,
1391 3537 1443 3601 ab·

127 3645 758 3735 probatioecsticdictre'vulgaresperfer-
815 3644 980 3709 horruisse.
1021 3645 1150 3708 Comttt
1167 3653 1317 3730 proteres
1336 3641 1442 3708 bedem

129 3771 200 3822 ruer
216 3753 348 3820 morlens
358 3751 451 3818 luisse
463 3769 612 3840 receptes.
638 3759 759 3822 Utrum·
813 3749 956 3830 testibus,
972 3748 1067 3815 deelli
1080 3769 1174 3836 geone
1187 3749 1261 3813 olim
1274 3749 1306 3812 in
1323 3747 1443 3833 judiciis

130 3879 192 3949 qne
204 3861 385 3928 mention
405 3859 579 3945 compleret
597 3862 655 3926 riri
672 3861 758 3928 docti
818 3856 999 3935 adhibitum,
1013 3859 1188 3941 Holmgang
1200 3854 1326 3933 dictum,
1343 3854 1376 3920 ri
1389 3873 1444 3918 no·

130 3967 240 4034 tenen
265 3979 466 4045 nument,
491 3967 714 4052 existimantes,
740 3985 758 4032 e
818 3987 867 4032 rm
881 3957 1039 4050 religionis
1052 3959 1145 4026 luisse
1160 3959 1323 4026 subletum.
1369 3960 1444 4024 Plu·

131 4095 207 4142 σω
233 4073 304 4140 inde
325 4074 506 4160 antiquitate
535 4073 567 4136 io
589 4073 681 4136 terrie
701 4071 759 4138 bo-
818 4093 853 4136 ra
869 4070 907 4134 de
920 4069 968 4134 bie
980 4067 1041 4133 rid.
1062 4069 1095 4132 in
1109 4080 1174 4132 not.
1193 4067 1279 4130 uber.

129 4179 262 4246 realibus
267 4179 483 4265 probationem
494 4197 551 4265 per
566 4177 683 4244 lcrrnm
689 4197 760 4244 cen·
865 4179 993 4262 'Puppe
1008 4214 1033 4236 ..
1054 4174 1138 4260 epod
1149 4167 1303 4252 Arustitm]
1327 4167 1444 4236 Ademo

132 4287 208 4354 dene
230 4286 323 4352 luisse
343 4287 516 4371 cognitam,
544 4283 657 4350 diutins
683 4303 758 4350 rero
818 4281 977 4348 bremensi
990 4291 1067 4343 teste
1080 4277 1133 4342 lib.
1146 4281 1173 4342 ll
1188 4273 1314 4360 capati,
1327 4277 1446 4362 spineo·

132 4407 206 4482 poet
222 4415 301 4458 nora
318 4413 402 4456 saera
422 4391 544 4476 publice
561 4403 686 4475 recepta
702 4389 759 4453 dn·
819 4409 876 4474 pus
889 4385 1083 4450 Steirioensis
1101 4381 1162 4447 luit
1182 4393 1391 4460 consecratae,
1412 4395 1445 4446 et

132 4502 193 4566 stt·
207 4500 240 4566 in
253 4499 375 4584 judiciis
388 4499 527 4584 riguisse.
548 4496 759 4566 verumenim·
819 4491 943 4579 quidem
958 4512 975 4553 ι
992 4490 1147 4569 Libentio,
1165 4507 1338 4552 eucceuore
1351 4485 1445 4554 seet-

133 4627 209 4674 rero
233 4605 455 4684 contendimus,
468 4607 619 4673 sucum
646 4616 679 4668 et
701 4601 762 4666 boc
820 4597 901 4684 degi,
922 4617 1001 4661 anno
1022 4591 1085 4662 988
1102 4593 1253 4675 delmati,
1279 4593 1376 4658 tribus
1392 4617 1445 4660 an-

135 4726 167 4779 et
182 4712 261 4782 illud
280 4725 364 4780 recte
385 4731 520 4798 negans.
567 4712 659 4774 Petet
680 4693 761 4772 enim
820 4706 1040 4790 nissmequsm
1054 4700 1445 4788 Srenoimperimnmetet

135 4841 171 4886 ex
194 4815 398 4888 monumentis
414 4814 620 4895 lelandorarn,
646 4811 764 4880 inandi—
819 4822 875 4876 est.
936 4811 969 4876 si
990 4822 1091 4874 antem
1110 4806 1270 4894 Popporu‘e
1295 4807 1444 4872 noento
1564 4801 1574 4823 ⁸

1158 5000 1162 5008 ι
1236 4999 1240 5008 r
