3446 5458
364 312 438 382 230
679 379 683 388 ,
708 303 883 378 luston.
905 294 1165 376 mutiunt
1184 306 1225 378 V.

317 525 379 618 qui
402 541 489 592 vero
504 515 613 588 nliutn
636 516 770 612 pignus
787 537 911 588 secum
934 537 1073 614 ponere
1092 515 1265 618 jussisset,
1299 509 1417 586 eidem
1438 533 1562 586 auree
1575 511 1615 584 li·

316 641 393 714 brn
408 637 595 711 dimidium
610 634 781 731 solveret,
797 635 931 738 alioqui
947 659 1094 740 grutem
1110 636 1274 734 corporis
1296 631 1466 708 tnnlctntn
1480 633 1617 708 subiret

317 760 526 836 Providerat
541 763 636 834 enim
659 782 742 848 rex,
762 785 806 836 ex
824 764 1015 860 pignerum
1030 764 1206 857 positione
1223 761 1391 832 maximus
1405 754 1521 830 litium
1531 779 1617 828 enu-

280 883 283 888 ’
318 907 376 958 sus
391 883 548 958 incidere
559 891 678 981 poss‘e.
752 882 809 954 De
831 879 993 980 quelibet
1005 903 1094 954 vero
1107 881 1348 956 nonnoversia
1368 863 1468 954 ferro
1481 877 1617 954 denam

321 1008 469 1096 sanxit¹‚
493 1009 693 1104 speciosius
709 1001 847 1078 viribus
863 1028 973 1102 quem
989 1001 1112 1077 verbis
1134 999 1402 1102 confligendum
1414 1003 1618 1076 mistimnnt

321 1127 481 1221 Quodsi
512 1128 601 1204 altor
631 1127 871 1201 dimicantium
894 1124 1007 1198 relato
1039 1123 1135 1223 pede
1157 1127 1345 1225 praenotati
1372 1123 1473 1201 orbis
1497 1148 1619 1225 gyrum

322 1250 517 1344 excederet,
544 1250 693 1354 perinde
718 1275 759 1323 nc
778 1253 893 1325 victus
907 1269 1024 1322 cnusae
1048 1245 1299 1321 detrimentum
1325 1252 1509 1345 reciperet
1570 1249 1620 1318 Sin

323 1391 441 1448 autem
458 1381 586 1474 quevis
605 1372 650 1446 de
671 1397 711 1446 re
727 1369 885 1472 pugilem
900 1368 1088 1469 popularis
1106 1371 1304 1468 impeteret,
1327 1371 1449 1468 ipsum
1472 1386 1620 1443 armatus

322 1503 510 1596 exciperet,
537 1494 681 1570 cubitali
698 1492 867 1568 duntaxat
882 1494 999 1590 stipite
1009 1507 1263 1590 pugnaturum.
1316 1493 1411 1585 Quin
1427 1491 1532 1566 etiam
1548 1489 1618 1564 clx·

324 1616 408 1690 dem
425 1621 518 1692 Dani
536 1617 583 1692 ab
599 1618 794 1718 alienigena
810 1616 974 1715 oppressi
999 1611 1155 1690 duorum
1179 1610 1280 1686 caede
1299 1611 1545 1687 sarciendum²
1568 1618 1619 1686 in-

326 1741 447 1814 stituit.

455 1865 592 1934 interea
616 1864 782 1948 Gliturus,
810 1856 972 1932 sumendi
989 1856 1036 1932 de
1050 1855 1340 1956 Eriou'supplicii
1356 1858 1481 1958 gratie,
1496 1881 1620 1956 pugne

326 1988 520 2056 exercitum
534 1998 728 2080 comparet.
778 1984 808 2052 E
825 1981 1003 2054 contrario
1017 1979 1151 2052 Frotbo
1167 1999 1249 2052 cum
1266 2001 1398 2079 mogun
1417 1977 1543 2054 classis
1558 2001 1620 2077 tp-

326 2121 454 2203 paratu
469 2107 683 2204 Norvagium
697 2106 793 2202 petit.
862 2105 955 2176 Cum
971 2100 1019 2174 ud
1032 2099 1185 2176 insulem
1198 2105 1338 2176 Rensti³
1356 2103 1491 2201 pariter
1504 2125 1619 2200 appu-

327 2225 459 2317 lissent,
484 2229 648 2319 Glitarus,
661 2223 890 2300 Frothoniani
905 2230 1056 2312 nominis
1071 2223 1314 2323 magnitudine
1330 2225 1483 2317 territus,
1503 2245 1620 2324 pacem

327 2372 394 2445 per
408 2345 542 2448 legatos
550 2345 731 2448 ,efflagitet
784 2345 842 2431 Ad
862 2373 956 2446 quos
970 2345 1395 2438 Ericus,lnverecundus,
1420 2351 1479 2438 ait,
1501 2361 1553 2419 est
1567 2343 1620 2418 la-

327 2485 394 2560 tro,
409 2477 469 2568 qui
488 2473 586 2570 prior
601 2468 830 2544 concordiam
857 2475 984 2569 quaerit
1010 2486 1071 2542 aut
1086 2468 1191 2543 bouis
1208 2470 1473 2543 communicare
1486 2493 1619 2567 praesu-

326 2597 397 2666 mit
456 2596 526 2687 Qui
542 2595 636 2664 enim
659 2591 821 2666 obtinere
834 2595 954 2692 gestit,
982 2593 1094 2666 obniti
1113 2589 1239 2685 debet3
1272 2589 1364 2676 ictus
1394 2591 1479 2664 ictui
1502 2605 1620 2690 oppu-

327 2711 543 2805 nendusest,
557 2713 722 2812 livorque
738 2712 852 2786 livore
873 2712 1074 2813 pellendus.
1129 2716 1294 2812 Cumque
1308 2714 1379 2788 hoc
1395 2710 1619 2786 dictum-Go-

327 2849 426 2910 turus
448 2840 587 2910 attentis
612 2839 750 2909 eminus
775 2835 923 2910 auribus
945 2843 1148 2935 excepisset,
1164 2861 1273 2936 quam
1291 2850 1430 2934 poterat
1448 2833 1619 2908 clarere-

328 2983 369 3030 ee
392 2959 437 3031 ita
461 2961 595 3058 inquit:
635 2961 796 3056 Quisque
820 2959 938 3031 virtuti
965 2959 1108 3047 militat,
1137 2975 1247 3057 prout
1273 2954 1440 3032 beneficii
1462 2957 1618 3031 meminit

329 3270 469 3337 hocloco
486 3275 633 3360 particula
649 3277 853 3360 conjunctius.
894 3279 952 3362 lgi·
1010 3281 1085 3342 Cum
1101 3297 1172 3342 uero
1196 3298 1232 3340 ex
1256 3277 1350 3340 boote
1370 3295 1457 3343 more
1483 3286 1513 3338 et
1531 3272 1620 3357 jurgia

328 3391 379 3440 tnr
389 3381 593 3463 jurt'sJiiraodi
609 3384 684 3462 fides
704 3383 767 3445 sire
789 3384 950 3470 promissio
1008 3397 1040 3446 et
1057 3377 1158 3461 cedes
1180 3381 1270 3447 facile
1288 3381 1458 3459 orirentur,
1493 3378 1620 3444 abolitio·

328 3483 383 3546 snb
409 3483 468 3546 fide
491 3485 687 3570 jurisjurandi
707 3486 777 3550 date
800 3501 846 3551 est
870 3487 951 3550 idem
1009 3509 1079 3552 uem
1099 3489 1169 3552 telis
1186 3489 1278 3552 moris
1294 3487 1515 3571 sapientissimo
1541 3483 1619 3567 ltg'n·

329 3610 363 3651 ec
376 3595 483 3677 posiu‘o
494 3597 660 3678 pignorum.
718 3591 800 3686 Quid
822 3615 895 3657 vero
914 3595 954 3658 sit
1012 3595 1109 3658 latore
1136 3593 1257 3679 dignun
1280 3593 1424 3672 judicarit
1460 3591 1620 3676 antiquitis,

325 3700 434 3780 positio
449 3701 621 3782 pignorum,
641 3711 726 3782 patet
752 3719 789 3761 ex
814 3699 865 3763 lib.
885 3701 953 3765 Vlll
1010 3695 1100 3784 nique
1119 3698 1211 3782 igilur
1239 3699 1337 3782 legem
1364 3697 1424 3762 buc
1444 3709 1619 3784 spectantem

328 3797 384 3859 snb
398 3799 498 3878 linem,
513 3800 564 3864 nbi
578 3821 631 3864 rex
640 3807 720 3868 Gb'to
731 3803 842 3868 dicitnr
855 3809 891 3868 de
904 3811 955 3892 pi·
1009 3803 1163 3867 Frotltoni
1175 3803 1325 3868 attribuit.
1528 3869 1531 3874 ,

328 3909 431 3985 gnori's
444 3911 591 3991 positione
610 3917 783 3992 cognovisse.
824 3915 870 3974 Ex
894 3911 953 3972 boc
1057 3915 1123 3972 ¹De
1137 3911 1262 3993 quolibet
1278 3913 1562 3995 conuowmtitserru
1576 3910 1617 3968 te-

330 4009 399 4070 loco
426 4009 618 4074 manifestum
642 4014 696 4092 lit,
706 4021 816 4102 pignus
843 4041 954 4104 ponere
1011 4024 1092 4080 cerni
1107 4013 1220 4096 sanxit]
1242 4020 1289 4078 De
1305 4016 1362 4080 hac
1382 4017 1450 4099 lege
1467 4027 1499 4080 ut
1518 4011 1618 4097 regulis

329 4112 410 4176 idem
434 4116 534 4178 valere
557 4136 592 4178 uo
609 4123 736 4204 pignore
762 4141 873 4186 certare
907 4121 953 4200 (at
1011 4120 1230 4187 monomachias
1261 4121 1452 4208 prescriptis
1479 4120 1538 4186 rid.
1563 4129 1617 4180 not

331 4218 449 4299 redde).
491 4225 593 4287 Facile
613 4246 683 4289 vero
699 4227 792 4311 prisci
811 4228 964 4290 Boreeles
1011 4228 1093 4290 uber.

330 4343 367 4386 co
382 4323 669 4409 adducebantur-,nt
683 4333 763 4396 inter
777 4352 809 4398 se
824 4333 954 4395 invicem
1056 4339 1068 4372 ²
1082 4337 1201 4398 Clodem
1215 4337 1299 4398 Daoi
1312 4336 1433 4396 duorum
1447 4323 1523 4396 uude
1537 4353 1617 4394 ruor-

329 4431 458 4514 pignorc
480 4447 649 4516 certarent,
678 4439 764 4522 cnjus
789 4439 834 4501 rei
866 4441 952 4524 pluro
1012 4437 1156 4522 ci'eudum]
1173 4438 1231 4501 vid.
1244 4452 1309 4504 not.
1329 4439 1414 4501 uber.

330 4540 467 4621 exempla
489 4539 522 4600 in
541 4543 753 4616 certaminibus
780 4543 864 4607 Eriei
883 4565 951 4608 oum
1057 4549 1217 4610 ³losulam
1246 4542 1353 4626 llerrso]
1379 4547 1448 4607 lem
1478 4541 1563 4606 semel
1589 4537 1613 4598 in

331 4643 462 4705 Gitreru
487 4657 518 4706 et
536 4649 712 4741 Westmxrq
741 4649 804 4734 ipso
828 4635 954 4714 Saxonis
1010 4651 1182 4742 ueri-stione
1204 4649 1241 4711 do
1263 4651 1356 4712 Erico
1378 4651 1491 4712 diserto
1517 4641 1618 4710 meotio'

331 4745 369 4807 de
383 4747 538 4812 Frotbooe
559 4754 650 4815 tertio
664 4757 798 4820 namatio
821 4735 950 4820 exhibet.
1010 4754 1097 4838 hujus
1111 4757 1214 4818 insulae
1228 4755 1306 4818 facts
1322 4769 1377 4820 cst.
