3548 5470
702 329 947 404 namucus.
1342 363 1351 370 ·
1379 328 1429 405 43

166 538 370 614 honoribus
384 553 620 639 anteponens,
644 547 706 618 uui
723 539 950 616 fann'linrium
967 563 1007 614 se
1022 555 1150 640 stupro
1165 537 1341 640 subjecit,
1374 544 1480 642 cujus

164 665 307 762 ingenio
317 661 554 738 simulacrum
570 655 753 754 demolita,
778 687 908 738 aurum
924 659 1084 762 publico
1099 669 1338 762 superstitioni
1354 689 1480 758 conse

163 801 304 862 eratum
331 785 380 860 ad
404 787 535 884 privati
549 785 655 862 lusus
673 791 949 862 instrumentum
964 787 1149 863 corvum.
1203 790 1277 860 Nec
1289 793 1392 885 pensi
1413 787 1479 862 du·

163 910 211 982 xit
235 907 498 1008 impudicitiam
522 912 670 1002 sectari,
695 935 772 1010 quo
794 913 1000 1009 promptius
1026 909 1173 984 avaritia
1195 907 1393 1002 frueretm,
1429 912 1480 982 in·

162 1030 274 1130 digua
295 1029 463 1122 immina,
489 1058 573 1132 qme
587 1039 745 1117 numinis
763 1033 936 1131 conjugio
955 1033 1142 1129 potiretur.
1202 1033 1282 1106 Hoc
1298 1027 1371 1106 loci
1391 1031 1480 1131 quid

162 1151 263 1227 aliud
273 1152 481 1254 adjecerim,
505 1179 616 1254 quam
633 1153 703 1230 tale
719 1180 853 1228 namen
874 1151 944 1228 hac
962 1154 1119 1253 conjuge
1138 1151 1289 1254 dignum
1305 1155 1480 1230 extitisse?

161 1277 278 1350 Tanto
297 1273 485 1375 quondm
497 1303 621 1352 errore
639 1276 847 1354 mortalium
868 1275 1151 1352 ludificabantur
1163 1277 1315 1376 ingenia.
1369 1277 1481 1377 igitur

161 1395 328 1490 Othiuus,
342 1380 485 1497 gemina
497 1405 618 1476 moris
632 1400 968 1500 injurialacessitus,
981 1396 1080 1472 haud
1096 1396 1212 1474 levius
1226 1399 1388 1499 imaginis
1401 1423 1479 1480 suas

161 1543 274 1618 qnam
296 1527 364 1596 tori
385 1521 533 1598 landone
558 1523 719 1600 dolebat.
780 1521 926 1622 Duplici
949 1527 1070 1621 itaque
1092 1520 1237 1596 ruboris
1261 1523 1479 1596 irritamento

162 1648 395 1740 perstrictus,
427 1645 575 1745 plenum
603 1651 746 1747 ingenui
770 1646 924 1746 pudoris
950 1644 1094 1727 exilium
1118 1645 1268 1744 carpsit,
1300 1669 1420 1744 eoque
1437 1669 1479 1720 se

162 1771 336 1842 contracti
355 1765 547 1844 dedecoris
563 1768 691 1844 sordes
709 1767 932 1844 aboliturum
948 1772 1098 1868 potavit.

266 1891 383 1988 cujus
406 1913 552 1969 secessu
568 1890 737 1968 Mitothin
759 1889 909 1993 quidam
935 1893 1123 1990 praestigiis
1150 1887 1296 1965 celeber
1328 1888 1479 1990 perinde

162 2035 204 2084 ac
221 2011 363 2086 coelesti
378 2011 555 2087 beneflcio
573 2031 771 2114 vegetatus,
797 2015 1026 2088 occasionem
1043 2029 1079 2085 et
1096 2017 1175 2110 ipse
1191 2011 1370 2111 fingendae
1387 2013 1478 2090 divi-

163 2136 280 2208 nitatis
310 2137 477 2234 arripuit,
503 2136 756 2238 barbarasque
780 2151 918 2212 mentes
943 2141 1052 2210 novis
1074 2137 1205 2210 erroris
1230 2136 1388 2212 tenebris
1409 2140 1479 2210 cir-

35 2287 39 2301 ·
161 2257 346 2331 oumfusas
384 2264 645 2360 praestigiarum
666 2263 764 2338 lema
792 2259 839 2334 ad
858 2259 1070 2332 cerimonias
1095 2281 1162 2332 suo
1181 2261 1315 2333 nomini
1337 2257 1478 2359 persol-

163 2378 300 2452 vendas
323 2378 481 2454 adduxit.
551 2387 619 2460 Hic
649 2383 801 2460 deorum
825 2383 915 2454 uam
950 2395 1012 2454 aut
1033 2381 1222 2453 numinum
1248 2381 1477 2455 violationem

162 2501 323 2576 confusis
342 2505 598 2606 permixtisque
612 2507 795 2582 sacrificiis
808 2507 943 2603 expiari
958 2503 1133 2604 negabat,
1165 2501 1323 2602 ideoque
1349 2509 1400 2582 eis
1414 2531 1477 2580 vo·

161 2641 197 2695 ta
214 2627 456 2700 communiter
481 2633 684 2729 nuncupari
708 2629 941 2727 prohibebat,
967 2626 1122 2701 discreta
1138 2651 1318 2734 'superum
1344 2627 1478 2724 cuique

162 2744 360 2819 libamenta
378 2753 604 2828 constituens.
658 2755 728 2846 Qui
744 2779 838 2842 cum,
857 2750 989 2826 Othino
1003 2747 1189 2841 redeunte,
1203 2747 1326 2822 relicta
1341 2751 1475 2847 praesti-

159 2875 303 2968 giarum
319 2895 402 2969 ope,
421 2869 552 2946 latendi
575 2881 690 2976 gratia
704 2873 919 2950 Pheoniam¹
948 2873 1165 2963 accessissit,
1181 2896 1361 2960 concursu
1377 2875 1476 2947 inco·

161 2991 280 3066 larum
308 2992 492 3068 occiditur.
552 3001 666 3097 Cujus
680 2999 821 3072 extincti
841 3021 992 3096 quoquc
1014 2994 1146 3095 flagitio
1163 3011 1331 3094 patuere;
1363 3001 1477 3094 siqui·

160 3112 243 3187 dem
267 3114 377 3192 busto
410 3139 477 3192 suo
503 3127 789 3221 propinquantes
823 3120 1011 3218 repentino
1024 3121 1154 3222 ,mortis
1183 3143 1316 3218 genere
1346 3143 1473 3194 consu·

159 3237 294 3328 mebat,
318 3255 505 3340 tantasque
520 3259 603 3342 post
621 3243 693 3316 lota
712 3259 830 3344 pestes
855 3240 976 3332 edidit,
1002 3257 1040 3316 ut
1066 3265 1170 3339 paeoe
1191 3242 1334 3314 tetriora
1352 3249 1475 3316 mortis

159 3385 274 3458 quam
298 3363 380 3435 vitae
404 3357 636 3439 monumenta
658 3365 800 3439 dedisse
824 3363 1023 3452 videretur,
1037 3362 1189 3464 perinde
1210 3387 1253 3434 ac
1282 3369 1380 3437 necis
1400 3391 1475 3438 suae

159 3507 291 3580 poejnas
319 3509 340 3554 a
371 3490 484 3562 noxiis
509 3503 709 3562 exacturus.
775 3493 856 3580 Quo
878 3485 975 3560 malo
1003 3485 1125 3558 obfusi
1154 3483 1282 3557 incolae
1312 3504 1474 3586 egestum

159 3602 302 3680 tumulo
320 3631 456 3706 corpus
470 3612 588 3708 capite
607 3611 773 3711 spoliant,
789 3626 896 3685 acuto
915 3625 1043 3708 pectus
1059 3609 1177 3708 stipite
1193 3605 1474 3720 transfigcutcs²3

159 3725 198 3800 id
211 3734 310 3830 genti
326 3729 489 3874 remedip
507 3731 584 3806 fuit

204 4061 400 4146 'Pleom'amJ
412 4066 785 4152 Extantlrauddubie,qui
844 4067 927 4132 timis
955 4081 1105 4133 tensarum
1125 4064 1188 4128 oris
1207 4063 1388 4150 quarendus
1417 4079 1470 4126 est.

158 4170 289 4232 nominis
309 4159 509 4238 ‘limilitudine
539 4173 623 4238 ducti
656 4176 785 4240 insulem
844 4174 951 4240 Potius
972 4174 1066 4260 igitar
1085 4173 1123 4236 de
1144 4171 1275 4235 Phinnia
1291 4170 1323 4230 in
1339 4179 1472 4234 extremo

157 4274 299 4340 Fioaiam
313 4276 470 4362 indigitari
488 4279 668 4344 existimant.
717 4281 785 4346 Pri·
843 4281 1052 4365 septentrione
1074 4277 1132 4342 sita
1158 4288 1189 4340 et
1210 4276 1377 4338 multorum
1399 4297 1472 4358 pou·

157 4401 241 4444 mum
257 4379 383 4456 widem
404 4403 503 4470 neque
522 4388 601 4451 Saxo
619 4407 718 4473 neque
738 4388 785 4452 ul·
842 4398 1001 4450 tentorum
1029 4382 1101 4448 rede
1132 4395 1220 4448 sutor
1249 4377 1361 4442 fabule
1389 4382 1473 4465 cogi·

157 4491 204 4550 im
213 4487 322 4551 scriba
335 4491 441 4554 Dauus
457 4491 624 4556 Pisoniana
637 4513 697 4578 pro
710 4505 785 4558 noto
845 4503 922 4554 tame
940 4489 1069 4553 videtur.

158 4595 275 4659 sionim
296 4593 420 4658 nummo
439 4593 531 4662 facilc
544 4598 702 4684 poemmc
725 4602 785 4662 De·
889 4599 1010 4658 ΞΛοιιεο
1019 4611 1124 4684 putus
1140 4596 1239 4679 sepite
1250 4592 1470 4678 transfigentes]

157 4699 228 4786 inde
242 4719 378 4764 saumana
398 4701 461 4782 iile,
478 4703 509 4766 in
524 4725 586 4790 quo
604 4704 782 4768 Mitothinus
843 4701 1028 4786 Perantiqun
1058 4711 1090 4762 et
1117 4695 1156 4762 ad
1182 4695 1353 4762 recentiora
1376 4721 1470 4786 usque

159 4805 317 4881 latibulum
346 4791 519 4892 quesitisse
546 4808 660 4890 fertur,
689 4811 782 4874 haud·
841 4809 950 4872 secula
973 4806 1084 4872 durans
1110 4803 1247 4870 innuitur
1283 4805 1469 4890 superstitio,

158 4931 306 4998 quaquam
328 4913 360 4975 ia
376 4912 475 4980 media
493 4917 602 4994 Dacia,
622 4917 676 4982 sed
691 4917 723 4984 ia
737 4919 782 4982 ul·
842 4935 901 4999 qua
917 4913 1054 4978 homines
1073 4915 1222 4980 laurarum
1243 4911 1469 4998 tordculameu-
