3506 5458
684 329 860 402 cunno.
1154 341 1161 380 ³
1289 331 1366 408 473

110 543 213 618 litem
228 543 551 619 mumvlcturioe
565 539 713 616 consilio
736 563 846 638 quam
866 539 992 638 spiritu
1020 537 1241 616 diutumiure
1255 543 1415 622 suffecit?

110 665 217 741 Seleu
230 689 388 764 nemque
403 668 589 739 Dauomm
603 669 638 737 in
652 663 791 738 ultimas
807 665 989 763 augustias
1003 661 1157 738 deducta
1171 691 1213 740 ac
1225 691 1327 765 paene
1342 667 1415 740 de-

110 789 320 886 muamus
340 787 511 886 petiumis
523 785 711 887 implicata,
737 789 822 886 qnia
839 780 1019 859 muricatis
1041 785 1142 861 ducis
1156 789 1268 886 jussui
1287 795 1416 888 paruit,

110 911 225 1000 brevi,
248 919 342 1008 quus
367 911 500 1000 timuit,
522 907 760 1007 triumphavit.
811 913 893 1002 Quo
922 923 1085 1006 tempore
1098 911 1245 1002 Gonnu,
1263 909 1310 982 ad
1327 911 1416 998 utri,-

112 1059 214 1106 nrum
229 1037 340 1106 aetatis
354 1039 429 1106 suae
452 1031 559 1104 finem
577 1047 785 1131 provectus,
806 1032 985 1129 ingentem
1012 1053 1186 1104 annorum
1209 1035 1335 1106 seriem
1352 1033 1416 1108 lu-

111 1153 270 1228 minibus
287 1169 412 1254 captus
428 1169 606 1254 exegerat,
624 1171 797 1229 senectam
819 1151 866 1226 ad
893 1149 1036 1226 ultimos
1052 1151 1217 1226 humanae
1236 1155 1417 1231 conditio-

109 1279 167 1352 nis
190 1281 356 1354 terminos
372 1274 621 1374 prorogando,
647 1281 760 1375 magis
781 1274 826 1347 de
850 1271 1005 1346 filiorum
1038 1275 1107 1347 vita
1132 1291 1168 1348 et
1195 1278 1417 1354 incrementis

111 1423 223 1499 quam
244 1397 385 1495 reliquo
408 1400 535 1495 spiritu
567 1421 635 1472 suo
660 1397 826 1470 solicitus.
900 1399 1011 1469 Tanta
1035 1415 1151 1469 autem
1184 1401 1330 1497 majoris
1355 1397 1418 1471 filii

53 1626 79 1638 '¹
110 1523 254 1595 caritate
272 1519 478 1611 tenebatur,
502 1537 542 1594 ut
564 1545 585 1593 a
612 1544 650 1594 se
669 1515 909 1594 occidendum
932 1520 1085 1622 juraret,
1104 1520 1167 1616 qui
1185 1523 1284 1619 prior
1307 1511 1418 1620 ipsius

112 1646 248 1718 exitum
266 1645 478 1716 nunciasset.
548 1644 713 1738 Cumque
729 1640 818 1715 forte
831 1639 951 1739 Thyra
970 1639 1067 1714 haud
1081 1641 1232 1716 dubium
1248 1641 1293 1716 dc
1314 1646 1417 1742 ejus·-

111 1767 198 1842 dem
216 1767 321 1840 exitio
350 1765 522 1838 nuncium
545 1765 752 1862 accepisset,
775 1765 915 1835 nemine
939 1763 976 1835 id
1001 1769 1171 1838 Gonnoni
1196 1765 1315 1863 palam
1330 1771 1417 1838 insi-

110 1913 226 1964 nuare
241 1886 411 1978 audente,
437 1885 642 1986 praesidium
658 1883 857 1960 calliditatis
873 1885 1035 1984 amplexa
1064 1911 1205 1980 casum,
1233 1914 1341 1988 quem
1356 1912 1419 1961 orc

113 2011 274 2112 prodere
287 2012 421 2098 timuit,
448 2033 558 2106 opere
574 2005 769 2104 explicavit.
829 2011 996 2082 Maritum
1018 2034 1174 2109 namque
1195 2014 1294 2112 regio
1318 2009 1418 2084 cultu
1518 2011 1525 2024 '

115 2151 264 2207 exutum
300 2136 440 2205 tetriore
467 2127 714 2219 circumdedit,
736 2129 879 2229 aliaque
898 2129 1032 2206 doloris
1056 2134 1223 2232 insignia,
1248 2159 1313 2231 per
1335 2159 1418 2232 quae

114 2281 266 2331 causam
280 2253 397 2328 luctus
414 2255 577 2351 aperiret,
602 2247 769 2338 admovit,
792 2252 892 2352 quod
919 2257 1057 2353 antiqui
1079 2255 1209 2330 talibus
1224 2258 1313 2328 inter
1331 2281 1419 2328 exe-

113 2380 286 2477 quiarum
307 2381 461 2449 actiones
478 2375 528 2447 uti
544 2389 815 2467 consueverant,
845 2374 1071 2449 acerbitatem
1093 2381 1255 2450 nroeroris
1277 2377 1420 2448 habitus

113 2504 304 2598 asperitate
320 2511 493 2572 testantes.
545 2499 646 2568 Tunc
664 2499 818 2568 Gormo:
840 2499 893 2566 En
909 2498 1006 2590 mihi,
1021 2501 1150 2597 iuquit,
1167 2502 1293 2572 Canuti
1309 2499 1419 2572 satum

114 2621 302 2721 publicas?
332 2621 377 2690 Et
393 2615 536 2716 Thym,
556 2616 598 2689 Id
620 2619 750 2716 ipsum,
767 2620 824 2709 ait,
843 2634 905 2693 tuo
921 2626 1039 2718 potius
1071 2649 1179 2720 quam
1199 2639 1319 2698 nostro
1348 2620 1419 2692 de-

115 2744 273 2817 claratur
296 2745 484 2840 augurio¹.
560 2742 642 2830 Quo
665 2738 759 2811 dicto
791 2750 917 2816 marito
949 2761 1118 2836 mortem,
1148 2745 1218 2818 sibi
1244 2743 1420 2817 viduitatis
1513 2761 1520 2776 ¹

114 2891 261 2940 causam
277 2863 442 2965 praebuit,
470 2887 535 2936 nec
552 2879 632 2936 ante
651 2861 765 2936 filium
796 2889 905 2962 quam
929 2870 1123 2968 conjugem
1152 2865 1293 2966 planxit.
1344 2870 1420 2937 Ita-

115 3195 270 3246 nuctarno
289 3192 427 3265 tempore
442 3177 684 3244 deambulantem
698 3203 744 3246 eu·
801 3180 851 3225 W
864 3162 1001 3248 augurii]
1019 3165 1114 3228 Slffiili
1137 3173 1308 3226 ⁰⁰¹¹¹¹¹¹⁰¹¹l0
1322 3163 1421 3222 Heru-

115 3290 196 3376 gitta
226 3287 376 3350 lethaliter
418 3287 607 3348 vulneratum
638 3285 745 3366 fuisse3
802 3271 901 3332 ¹⁰¹'11m
912 3271 1112 3356 quidamusus
1121 3266 1317 3332 fuissefertur
1326 3261 1420 3348 (²¹1³ud

116 3395 278 3460 Ilrantzius
291 3404 389 3456 autem
399 3389 520 3471 (Daniae
542 3390 636 3459 liblV
644 3415 676 3477 p,
686 3388 742 3470 81)
802 3378 929 3438 Paulum
944 3383 961 3440 Ι
963 3379 1071 3442 liacon.
1091 3377 1142 3440 lib.
1156 3379 1239 3458 lcap.
1255 3371 1320 3452 20),
1336 3371 1387 3454 qui
1404 3392 1420 3430 a

116 3524 154 3566 ex
168 3522 224 3564 suu
242 3497 354 3584 aliquid
372 3497 484 3561 addens
505 3509 623 3576 narrat,
645 3500 743 3562 Cunu-
802 3505 873 3568 rege
882 3505 936 3546 auu
951 3485 1154 3566 iuterrogatus
1171 3481 1207 3544 dc
1217 3481 1297 3542 exitu
1311 3499 1421 3562 pugna>

117 3609 317 3681 summulam
325 3608 744 3692 acceptofflmcepissefflpmi.
803 3590 884 3652 lille?
908 3591 1039 3652 Heluios
1060 3588 1091 3652 ἑῑ
1105 3583 1322 3672 Langtllldl'dos
1340 3605 1422 3648 Gom·

116 3721 186 3778 lites
199 3738 296 3776 murus
307 3713 490 3782 scanderent,
503 3733 538 3770 ue
553 3715 602 3772 sui
616 3713 743 3772 uulneris
766 3749 770 3760 ·
803 3697 911 3774 Πῑῖδδῖθ,
933 3717 1001 3759 cum
1022 3695 1115 3759 sclt'et
1136 3713 1238 3778 regem
1259 3692 1422 3756 commina-

118 3823 246 3884 doiorem
273 3821 368 3880 hostes
392 3819 595 3904 perseverando
621 3818 741 3894 fiducia
802 3803 976 3882 tumfuisse,
989 3823 1021 3866 sc
1035 3799 1422 3885 ejuscaputabscissurum,

118 3928 235 4010 aliquid
257 3941 483 4008 assequerentur.
532 3925 596 3984 Nec
618 3939 687 3984 unte
710 3948 740 3983 se
801 3913 852 3996 qui
867 3912 1052 3974 llerulorum
1072 3909 1165 3972 aciem
1181 3907 1286 3986 sugere
1301 3903 1421 3964 nuncia·

117 4035 301 4095 vulneratum
311 4029 444 4118 produlia
460 4029 638 4098 aduturtem,
655 4051 740 4110 priam
800 4029 859 4097 rel,
881 4021 912 4080 in
928 4018 1006 4079 hanc
1031 4035 1136 4079 vocem
1152 4011 1267 4096 erupit:
1289 4011 1343 4072 Vua
1356 4009 1422 4078 u'ii,
1469 4033 1475 4040 ·

119 4136 620 4219 muetu'aasut'scuptapruspiceret.
651 4127 740 4193 Haud
803 4131 907 4190 misera
930 4125 1068 4193 Herult'u,
1089 4144 1150 4203 quet
1172 4121 1291 4180 ccelesiis
1315 4119 1424 4177 dormiet
1546 4129 1552 4142 ¹

120 4243 213 4305 dubie
235 4229 299 4305 'tale
320 4237 393 4326 quid
407 4241 484 4302 Saxo
503 4234 563 4299 suis
584 4233 746 4298 verborum
792 4237 925 4316 ‚muteris
939 4237 993 4292 ira.
1042 4225 1090 4290 Ad
1105 4226 1171 4287 haec
1186 4223 1275 4286 verbu
1290 4241 1422 4283 commu·

119 4347 298 4432 ambagibus
318 4345 486 4430 exprimere
513 4341 640 4404 voluisse
662 4339 744 4404 vide·
803 4351 851 4400 tus
869 4357 920 4399 rex
936 4337 992 4397 ait:
1013 4334 1163 4416 Numquid
1172 4333 1301 4416 fugiunt
1317 4331 1425 4389 Heruli

120 4468 181 4518 tur.
228 4455 322 4516 Plura
351 4449 388 4513 de
409 4449 535 4512 historia
558 4446 666 4512 Canuti
686 4443 741 4509 ob·
804 4449 881 4506 mei?
924 4443 964 4505 ht
981 4441 1043 4516 ille,
1063 4443 1146 4510 Nou,
1159 4435 1267 4518 inquit,
1288 4437 1341 4497 hoe
1356 4459 1423 4516 ego,

120 4573 241 4625 servale
259 4557 328 4624 vide
342 4559 374 4621 itt
388 4569 452 4621 noi.
467 4557 551 4620 tibet.
804 4551 857 4612 sed
880 4566 925 4619 tu,
947 4573 1010 4622 rec,
1035 4553 1095 4634 ipse
1113 4547 1223 4607 diuisui.
1264 4541 1372 4603 Plures
1391 4539 1422 4600 in

801 4654 957 4717 historiam
974 4653 1011 4715 de
1030 4655 1270 4734 Gormoneregc
1284 4645 1423 4712 observa-

170 4777 178 4810 ¹
193 4775 253 4834 Tuo
267 4775 466 4860 potiusquam
492 4786 591 4830 nostru
613 4767 743 4828 declara·
802 4761 901 4824 tiones
919 4757 976 4823 vid.
993 4759 1025 4821 in
1040 4772 1104 4822 not.
1118 4756 1199 4821 ulter.
