3458 5454
368 311 441 381 322
703 309 877 380 HISTOR.
896 310 1001 383 DAN.
1016 309 1155 392 LIBER
1175 307 1245 380 Vll.

315 525 426 596 simos
444 517 644 592 carminum
669 531 885 614 temperaret
900 514 1057 593 effectius.
1123 521 1176 598 ita
1197 516 1351 614 parvulo
1375 533 1546 601 contenta
1559 517 1620 592 bc-

316 640 463 730 uelieio,
488 639 604 736 majus
628 665 649 712 a
676 664 763 737 rege
784 641 974 736 praemium
997 637 1194 738 prestolari
1209 665 1317 740 passa
1341 665 1416 714 non
1438 656 1500 714 est.
1550 643 1623 719 Post

316 765 395 841 haec
415 765 581 862 Regno¹,
598 785 702 838 susm
719 787 762 836 ac
793 759 1020 859 pupillorum
1042 765 1249 859 opinionem
1270 759 1443 861 populari
1469 785 1625 838 sermone

312 886 551 964 crebrescere,
562 899 743 982 expertus,
765 887 802 958 in
822 881 992 959 Feoniarn
1008 901 1184 984 utrosque
1199 883 1349 961 derexit.
1415 884 1487 960 Ubi
1503 909 1527 958 a
1539 889 1624 958 Fro-

316 1009 426 1087 thone
441 1023 588 1106 captus,
611 1005 854 1082 adolescentes
872 1031 912 1080 se
930 1007 1093 1082 custodia
1109 1023 1343 1106 prosecutum
1369 1006 1520 1100 latetur,
1543 1033 1623 1104 pre-

316 1148 490 1229 caturque
506 1153 640 1228 regern,
664 1128 823 1227 pupillis,
851 1154 945 1228 quos
967 1147 1069 1228 patre
1090 1133 1303 1228 privarerit,
1336 1148 1480 1228 parcat,
1504 1157 1569 1204 nec
1590 1155 1625 1204 se

316 1252 449 1349 duplici
466 1249 658 1350 parricidio
674 1250 856 1348 objectare
875 1253 1047 1336 felicitatis
1061 1253 1146 1328 loeo
1159 1253 1280 1333 ducat.
1339 1256 1422 1351 Quo
1437 1253 1536 1330 dicto
1557 1277 1625 1330 εε-

316 1378 437 1450 vitiam
453 1377 533 1472 ejus
548 1379 584 1445 in
603 1373 778 1448 ruborem
793 1383 978 1470 convertit,
1003 1377 1256 1476 pollicitusque
1279 1393 1341 1468 est,
1362 1381 1390 1448 si
1410 1376 1502 1474 quid
1519 1376 1566 1452 ab
1581 1378 1626 1450 eis

314 1503 351 1577 in
365 1499 481 1598 patria
497 1513 703 1584 novaretur,
732 1522 772 1570 se
794 1504 867 1595 regi
887 1499 1039 1576 indicia²
1065 1500 1278 1577 delaturum.
1336 1503 1388 1572 Ita
1408 1497 1558 1596 pupillis
1571 1499 1625 1570 'ur-

314 1623 518 1700 nolumitate
534 1637 651 1719 parta,
670 1637 769 1690 metu
787 1619 879 1693 liber
896 1622 1027 1698 multos
1045 1645 1157 1696 annos
1172 1621 1332 1700 coniecit.

450 1746 522 1837 Qut
547 1768 632 1818 eum
657 1740 768 1814 adulti
787 1743 1002 1822 sistendum
1027 1747 1252 1842 petivissent,
1276 1743 1445 1819 ultionem
1460 1743 1569 1840 patris
1582 1740 1626 1812 ab

315 1867 438 1940 amicis
455 1869 583 1963 exequi
602 1865 709 1960 jussi,
732 1889 805 1936 non
820 1891 859 1940 se
885 1893 927 1938 ae
941 1884 1112 1965 patruum
1129 1891 1246 1940 annua
1264 1867 1344 1941 lune
1361 1868 1540 1964 potituros
1559 1883 1624 1940 ro·

315 2003 452 2066 verunt
512 1991 594 2079 Quo
611 2003 799 2084 comperto
823 1991 962 2087 Regno,
976 1993 1070 2086 pacti
1092 1987 1267 2062 memoria
1289 1995 1503 2076 concitatus,
1526 2003 1625 2068 noctu

316 2111 450 2210 regiam
478 2112 583 2206 petit,
610 2135 721 2206 seque
743 2113 928 2208 promissae
964 2113 1017 2184 rei
1045 2110 1199 2184 indicem
1231 2115 1351 2186 venire
1375 2117 1477 2187 terite
1503 2115 1625 2184 asserit.

316 2233 563 2306 Dormientcm
582 2247 701 2304 tamen
717 2233 766 2306 ad
789 2233 924 2332 vigilias
943 2237 1114 2317 evocare³
1136 2259 1267 2332 passus
1284 2251 1448 2323 nonest,
1472 2254 1516 2306 eo
1534 2231 1625 2330 qnod

315 2354 452 2430 Frotho
467 2357 688 2430 excitationis
704 2379 780 2428 suae
798 2381 927 2454 poenas
940 2355 1038 2430 ferro
1054 2361 1197 2454 exigere
1215 2357 1341 2438 solitus
1355 2357 1482 2434 luerat.
1532 2357 1624 2427 Tan-

316 2484 340 2557 ti
360 2477 548 2578 quondam
564 2481 704 2578 regium
730 2503 898 2554 somnum
921 2481 1126 2576 importuna
1147 2479 1375 2556 frustratione
1395 2501 1625 2578 perrumpere

315 2603 551 2677 existimatum
566 2617 629 2674 est.
688 2600 729 2674 ld
751 2603 887 2677 Frotho
910 2627 1016 2676 mane
1030 2627 1074 2676 ex
1093 2601 1263 2700 vigilibus
1287 2619 1468 2700 expertus,
1498 2605 1626 2678 ntroi-

313 2723 513 2815 msdvertit,
527 2727 739 2823 Regnonem
756 2724 966 2799 insidiarum
982 2727 1154 2804 nuncium
1172 2725 1342 2816 attulisse,
1363 2741 1546 2802 connecto
1559 2725 1626 2800 mi.-

314 2847 374 2923 lite
395 2851 531 2925 scritta
556 2849 724 2925 fraudem
745 2872 967 2946 precurrere
991 2849 1121 2922 statuit
1180 2853 1253 2921 Nee
1270 2846 1376 2927 aliud.
1392 2845 1540 2928 Hsrsldi
1554 2843 1626 2918 filiis

315 2969 445 3047 aurilio
459 2995 584 3068 *quam
615 2971 744 3046 luroris
768 2969 945 3044 simulatio
969 2969 1044 3046 suit
1102 2973 1193 3042 Nam
1209 2996 1290 3045 cum
1309 2993 1349 3046 sc
1362 2997 1408 3046 ex
1430 2969 1626 3069 improviso

314 3099 484 3193 occupari
509 3099 776 3192 conspicerent,
800 3091 951 3191 perinde
975 3119 1017 3166 ac
1034 3092 1144 3188 ,furiis
1171 3097 1237 3166 acti
1259 3090 1526 3190 lymphantium
1548 3115 1626 3166 mo-

314 3243 354 3294 rs
375 3243 416 3295 sc
445 3221 592 3317 gerere4
618 3233 818 3315 coeperunt.
892 3218 993 3308 Quos
1019 3240 1102 3290 cum
1120 3212 1257 3288 Frotho
1271 3229 1395 3290 mente
1409 3231 1536 3314 captos
1557 3238 1629 3311 pn-

314 3357 423 3432 tarct,
446 3344 676 3439 propositum
690 3340 846 3427 remisit,
872 3337 1035 3412 deforme
1059 3339 1258 3416 existimans
1289 3337 1386 3410 ferro
1409 3353 1554 3434 petere,
1571 3335 1629 3430 qul

314 3463 451 3540 sermm
468 3467 505 3538 in
521 3487 561 3538 sc
577 3477 788 3536 convertere
805 3459 1032 3542 viderentur:
1080 3465 1112 3534 A
1128 3460 1262 3559 quibus
1276 3464 1440 3558 proxima
1454 3473 1559 3532 nocte
1574 3459 1630 3524 in-

314 3583 442 3660 ccndio
459 3598 713 3684 consumptus,
742 3584 870 3682 dignas
885 3581 1065 3680 parricidii
1087 3609 1215 3680 poenas
1240 3580 1424 3681 pependit.
1493 3581 1632 3674 Quippe

317 3706 452 3803 regiam
482 3704 617 3797 adorti,
662 3709 821 3806 reginam
863 3707 1051 3804 inprimis
1081 3703 1227 3802 lapideo
1261 3703 1417 3785 obruere
1446 3713 1631 3798 oongoettn

314 3833 396 3925 igne
428 3824 557 3902 deinde
581 3829 771 3926 penatibus
811 3827 1010 3926 applicato,
1040 3825 1259 3907 Frothonem
1291 3830 1328 3900 in
1363 3829 1472 3905 onoisi
1497 3819 1630 3896 dudrrm

180 3951 183 3968 '
314 3973 447 4048 specus
468 3953 651 4050 angustias
671 3967 707 4024 et
732 3974 868 4050 opacos
895 3949 1144 4024 cuniculorum
1171 3973 1334 4024 recessus
1348 3949 1528 4048 obrepere
1541 3970 1630 4018 coe-

360 4234 491 4321 'RegnnJ
518 4239 642 4320 Frsgnt.
663 4235 792 4300 membr.
821 4241 943 4320 linguon
1002 4257 1040 4294 rto
1075 4238 1205 4296 nectare
1235 4251 1265 4295 et
1291 4236 1419 4318 socors,
1447 4253 1481 4298 ut
1507 4233 1629 4316 m'gs'lel·

313 4353 343 4402 et
360 4341 401 4405 ita
413 4363 536 4427 quoqne
554 4343 648 4428 paulo
665 4337 757 4404 intre.
1003 4341 1090 4402 Nora
1105 4335 1255 4422 loquendi·
1269 4337 1412 4406 tuenda.
1433 4339 1498 4420 (S).

806 4531 807 4535 ἵ
1054 4446 1310 4533 *Lymphmtt'nm
1345 4469 1424 4510 more
1454 4471 1487 4510 re
1518 4433 1629 4529 gum]

359 4548 511 4630 ²Indicr'n]
531 4553 582 4616 sie
599 4552 647 4618 ed.
661 4552 761 4640 princ.
778 4567 810 4618 st
831 4551 940 4637 fragat.
963 4559 965 4564 ‘
1004 4553 1050 4614 tu
1068 4549 1252 4635 stephanius
1268 4571 1305 4616 ex
1326 4551 1517 4616 comotione
1533 4549 1631 4610 neena

312 4652 438 4717 membr.
455 4656 564 4740 steph.
583 4663 698 4726 cadicio.
1004 4655 1138 4732 editions
1156 4659 1267 4740 potuit
1313 4655 1363 4720 Ed
1382 4678 1431 4743 pr.
1451 4654 1540 4720 tabet
1555 4655 1631 4734 ly*

579 4747 587 4768 ’
996 4765 1157 4850 pisentibus
1179 4787 1285 4826 morsm
1312 4787 1435 4845 geme,
1462 4758 1539 4846 quod
1561 4773 1631 4817 Μ·

360 4867 433 4926 ³Ad
452 4870 573 4944 or‘gr'lt'ns
599 4865 732 4946 cancere]
753 4873 846 4931 Proe
869 4895 943 4934 ronr-
1001 4889 1066 4929 sutn
1089 4867 1207 4950 ptraebet
1225 4865 1461 4932 incommodum.
