3506 5458
625 241 1003 378 flnnnncnnunns.
1330 299 1405 374 tat

150 545 234 593 rum
248 521 391 619 partitio
405 516 588 602 laceraret,
619 539 814 612 rerumque
835 510 1021 612 quondam
1043 513 1248 610 junctmum
1274 511 1457 622 dividuant

151 641 305 715 eii'rceret
319 664 507 716 summam.
560 637 660 714 Adeo
676 643 769 712 euim
786 639 938 710 Daniom
951 636 1241 732 Nortagiamque
1257 641 1362 710 unius
1379 661 1459 712 esse

152 765 327 862 regiminis
342 760 544 853 affectabat,
566 775 606 834 ut
620 760 765 834 alteram
782 757 878 832 alteri
898 755 1038 854 subjici,
1062 779 1175 854 quarn
1191 773 1380 858 utramque
1395 787 1458 836 se·

116 943 118 950 .
153 888 304 984 paratim
318 911 467 985 regnum
481 909 607 986 gerere
620 897 854 982 praeoptaret,
879 881 1077 979 patrieque
1093 899 1232 957 exteros
1246 884 1460 980 imperitare,

154 1031 264 1105 quem
287 1015 440 1106 patriam
467 1009 543 1082 eine
566 1007 693 1080 exteris
718 1001 907 1102 imperium
932 1029 1057 1104 gerere
1085 1003 1214 1078 maliet.
1281 1011 1369 1100 Quae
1396 1011 1459 1080 ni-

153 1132 283 1204 mirum
310 1131 473 1220 contiuo·
488 1157 532 1206 co
556 1126 737 1205 stoliditati
760 1133 930 1227 propior,
963 1151 1038 1226 quo
1073 1129 1225 1202 fortunae
1254 1127 1460 1228 subjectior,

153 1253 309 1328 alterutri
329 1270 390 1327 aut
413 1252 642 1354 splendidum
667 1252 854 1348 imperium
878 1267 938 1323 aut
962 1243 1145 1324 sordidani
1171 1256 1330 1349 paritura
1346 1251 1461 1324 fuerat

152 1377 364 1450 servitutem.
415 1379 454 1448 Iu
468 1373 563 1447 hauc
577 1379 670 1474 pacti
687 1371 817 1446 fidem¹
841 1387 992 1472 utraque
1011 1397 1097 1471 pars
1120 1389 1342 1448 sumamcuto
1365 1397 1459 1446 oon-

154 1505 260 1572 venit.
325 1497 465 1606 Deinde
488 1496 652 1596 Angliam
676 1495 877 1594 profectus,
905 1519 989 1570 cum
1012 1513 1137 1570 cuncta
1157 1497 1328 1573 Svenonis
1348 1497 1461 1572 indu-

154 1625 236 1697 stria
252 1645 343 1720 pace
360 1620 566 1720 plenissima
582 1621 823 1717 comperisset,
837 1617 1045 1693 Eduardum
1061 1619 1216 1709 fratrem
1230 1645 1340 1719 quern
1356 1622 1460 1718 ejus·

156 1743 240 1817 dem
265 1745 417 1818 nominis
429 1758 532 1842 pater
546 1767 589 1816 ex
605 1746 727 1814 immae
744 1743 969 1816 matrimonio
988 1742 1139 1833 sustulit,
1165 1747 1201 1817 io
1218 1744 1319 1842 regui
1339 1745 1461 1818 socie-

155 1883 263 1941 tatem
278 1865 475 1962 adsciscit2,
493 1893 565 1940 uon
582 1863 683 1964 qood
706 1862 862 1938 fraterno
878 1865 977 1938 illum
1000 1865 1130 1940 affectu
1144 1866 1296 1959 coleret,
1330 1866 1405 1940 sed·
1421 1883 1460 1940 ut

153 1992 233 2090 ejus
250 1990 480 2065 ambitionem
496 1987 731 2064 munificentia
748 2013 791 2061 ac
806 1986 1015 2060 liberalitate
1028 2007 1273 2086 praecurreret,
1287 1993 1461 2091 regnique

155 2129 257 2210 parte
271 2115 424 2212 potitum
451 2129 566 2186 totum
584 2135 718 2208 cupere
733 2107 951 2209 prohiberet.
1011 2113 1134 2209 Itaque
1154 2137 1227 2184 uon
1250 2129 1323 2185 tam
1345 2139 1461 2186 vene-

154 2238 293 2310 ratione
314 2261 458 2324 carum,
482 2261 593 2333 quoru
610 2235 840 2336 popularium
877 2231 1071 2306 ambitione
1092 2241 1300 2334 paternique
1321 2239 1461 2334 generis
1522 2235 1523 2240 ’

155 2362 341 2433 autoritate
362 2373 586 2456 suspectum,
612 2374 814 2432 consortem
829 2357 965 2454 imperii
989 2357 1078 2428 facit.
1131 2359 1264 2430 Verum
1288 2355 1459 2434 Eduardo

156 2480 326 2555 humilior
343 2483 479 2581 origiue
501 2483 641 2554 animus
662 2479 744 2574 fuit;
764 2477 952 2579 siquidem,
971 2477 1092 2552 obtusi
1113 2477 1310 2552 admodum
1333 2475 1461 2568 cordis,

155 2604 403 2679 obscuriorem
421 2599 549 2676 indolis
564 2605 815 2702 experientiam
830 2601 994 2700 praebuit.
1053 2603 1224 2695 Canutus,
1244 2627 1327 2674 cum
1351 2601 1460 2676 bieu-

135 2730 216 2800 ,nio
240 2727 456 2826 regnasset³,
482 2723 698 2826 defungitur.
773 2728 887 2824 Cujus
915 2726 1032 2798 Saeuo
1066 2729 1331 2824 propinquitate
1361 2725 1460 2818 fisus,

204 2989 212 3022 ¹
226 2987 260 3046 ln
275 2987 444 3072 huneperti
455 2981 558 3063 fidem]
580 2986 614 3045 ln
627 2985 781 3068 Nortegie
882 2983 1016 3045 ²Deinde
1026 2985 1165 3064 Angliam
1178 2983 1332 3069 prosector
1351 3031 1375 3046 ..
1397 2991 1461 3050 Eat·

156 3111 205 3154 res
229 3091 289 3153 boe
311 3088 404 3152 modo
425 3101 519 3173 gotta
543 3102 622 3152 sunt.
691 3093 781 3152 Annis
836 3095 960 3154 oardmn
977 3095 1007 3152 t'n
1027 3094 1113 3172 regni
1130 3095 1294 3152 societatem
1310 3093 1459 3172 attremit]

160 3195 241 3262 1035
268 3202 410 3282 Magnos,
444 3195 523 3258 filius
552 3195 642 3262 Oiaai
665 3195 781 3274 Sancti,
839 3194 1145 3273 Haraldodeiuncto,
1162 3196 1323 3280 optimates
1340 3200 1460 3284 Angiiar

160 3305 295 3368 omnium
322 3303 463 3366 ordinum
488 3321 635 3366 consensu
661 3323 713 3364 rex
736 3317 781 3366 cst
837 3303 1096 3380 Herdecanuturn,
1111 3302 1296 3388 cumexigua
1313 3305 1407 3368 classe
1421 3307 1459 3370 ad

158 3411 336 3474 declaratus.
377 3408 479 3472 Saeuo
493 3421 603 3486 autern,
621 3410 729 3471 Canuti
752 3421 784 3473 et
838 3424 965 3473 matrem
984 3409 1014 3472 in
1037 3411 1064 3472 F
1067 3406 1181 3471 landria
1206 3407 1366 3494 degentem
1381 3436 1461 3497 pro-

159 3513 261 3580 ttfitae
279 3513 368 3594 filius,
392 3515 424 3577 iu
441 3515 570 3579 Daciam
598 3535 630 3577 se
657 3515 783 3599 recepit,
838 3515 968 3592 iactum,
989 3536 1068 3579 anno
1093 3505 1171 3576 1042
1194 3513 1231 3576 ad
1252 3535 1379 3600 reguum
1398 3522 1461 3583 An·

158 3623 261 3706 ibique
287 3621 393 3703 hyeme
419 3621 556 3706 sequenti
587 3617 662 3683 obiit
690 3619 783 3698 (nist.
837 3624 908 3710 giioe
921 3619 1136 3709 capessendum
1150 3621 1362 3687 invitaverunt.
1382 3629 1460 3688 liar·

158 3739 222 3812 reg.
234 3731 366 3810 Norreg.
381 3728 431 3790 rol
455 3731 494 3790 lli
508 3749 539 3812 p.
554 3723 601 3805 8).
637 3725 782 3812 Sequenti
838 3729 1001 3793 decauutus
1011 3727 1212 3807 autern,breai
1223 3733 1461 3814 temporeintcr·

158 3855 238 3898 anuo
255 3831 782 3898 canutusJuniorsireHardeoano·
837 3837 930 3920 jecto,
957 3834 1078 3897 nuntios
1103 3835 1183 3898 misit
1212 3833 1249 3896 ad
1275 3836 1461 3918 Edvardum,

159 3955 220 4018 tus,
240 3941 340 4028 quiin
358 3939 472 4002 throno
492 3940 598 4001 Dauiaa
615 3942 696 4023 patri
714 3959 780 4002 auo·
836 3941 963 4006 fratrem
979 3941 1139 4017 uterinum,
1156 3961 1277 4024 rogans,
1297 3953 1331 4002 ut
1352 3943 1383 4002 in
1398 3945 1460 4008 Au-

158 4059 307 4122 cesseret,
338 4045 440 4130 copias
463 4049 606 4130 Magnum
624 4064 781 4129 aggressu·
836 4049 927 4134 giiam
962 4049 993 4109 in
1020 4047 1196 4108 societatem
1229 4048 1315 4129 regni
1344 4051 1461 4112 reniret

158 4175 209 4217 rua
225 4153 423 4236 compararit.
453 4155 692 4235 Magnusautem
712 4173 780 4214 cum
837 4153 1111 4235 (ridEneomiast.
1144 4154 1261 4214 Emmu
1278 4151 1333 4214 sub
1359 4153 1460 4232 iiuem,

158 4259 292 4323 exercitu
309 4257 404 4320 Denis
426 4255 464 4320 ad
486 4255 612 4320 florium
635 4255 785 4322 Gotbaeii
796 4263 802 4272 '
836 4242 948 4344 Script.
964 4277 1023 4320 rer.
1039 4261 1117 4319 Dan.
1135 4257 1194 4320 vol.
1217 4261 1242 4319 li
1255 4255 1459 4342 psol-509).

157 4365 280 4430 obviam
309 4364 373 4426 ivit.
437 4364 498 4426 Hic
516 4383 590 4426 tero
620 4363 783 4448 optimates
836 4373 870 4431 lu
888 4363 1083 4429 bisomnibus
1097 4364 1461 4448 partesSteoouisEstri·

159 4473 316 4557 utriusque
333 4471 420 4556 regni
442 4489 528 4552 reges
540 4469 664 4552 juvenes
679 4487 716 4532 eo
731 4465 783 4529 ad·
837 4475 872 4539 rii
888 4475 980 4537 nultra
996 4469 1087 4534 subse
1102 4468 1250 4534 videntur.

157 4577 319 4655 duxerunt,
341 4587 385 4655 ut,
398 4575 619 4639 fraternitatem
629 4573 780 4657 jurantes,

159 4697 281 4770 pactum
304 4681 425 4760 inirent,
439 4701 501 4764 quo
515 4703 591 4743 unus
608 4681 695 4744 alteri
713 4679 780 4742 abs·
881 4685 893 4720 ³
912 4684 1045 4745 Canotos
1066 4707 1130 4745 cum
1155 4685 1266 4745 dr'enm'o
1297 4679 1459 4765 regnasset]

158 4810 218 4878 que
230 4789 333 4854 liben'a
348 4785 505 4852 decedenti
517 4785 548 4848 iu
567 4809 662 4874 regno
678 4807 780 4852 succe·
834 4787 1064 4852 Hardecanutus
1091 4811 1170 4852 enno
1197 4783 1277 4852 tota
1298 4786 1459 4853 deiunctae

157 4893 253 4960 deret.
832 4893 864 4956 in
885 4895 994 4988 Angiia
1016 4895 1137 4984 quidem
1162 4895 1284 4960 biennio
1310 4905 1458 4980 regnarit,
