3548 5470
725 335 978 412 Lo'rtttttttts
1045 405 1049 412 ,
1403 340 1453 410 23

190 557 264 616 tam
280 543 421 640 patiam
439 541 521 630 suit,
548 557 587 614 ut
606 539 754 616 honoris
776 541 1097 640 damnetanquam
1114 542 1292 618 beneficio
1306 545 1497 646 gratulari¹

188 662 414 756 credentum
447 668 642 766 sagaciter,
665 681 703 740 ut
718 681 826 764 puto,
857 671 965 765 regn'ae
987 663 1203 742 conditionis
1226 665 1392 740 habitum
1416 695 1503 744 oon-

187 785 391 886 templatus.
451 787 523 860 Sed
539 813 606 862 nec
630 785 808 864 Lotberus
825 785 1104 862 tolerabiliorem
1127 813 1251 888 regem
1274 815 1386 888 quam
1413 790 1503 862 mili·

185 927 258 994 tem
274 913 358 1008 egit,
380 926 420 982 ut
430 935 586 1010 prorsus
602 906 790 985 insolentia
803 933 846 982 ac
868 907 1006 982 scelere
1030 935 1181 1008 regnum
1198 915 1379 1009 auspicari
1403 911 1501 988 vide·

186 1050 302 1126 rctur3
324 1029 503 1133 siquidem
518 1031 796 1106 illustrissimum
812 1056 996 1130 quemque
1017 1035 1087 1104 vita
1106 1049 1167 1106 aut
1181 1033 1316 1130 opibus
1335 1031 1501 1131 spoliare,

186 1161 413 1254 patriamque
434 1153 543 1228 bonis
568 1153 711 1230 civibus
729 1153 964 1232 vacuefaccre
990 1152 1180 1251 probitatis
1204 1153 1288 1229 loco
1310 1153 1421 1246 duxit,
1444 1181 1501 1228 re-

183 1281 246 1376 gni
261 1275 413 1350 aemutos
428 1293 536 1366 ratus,
568 1301 662 1374 quos
682 1276 867 1351 nobilitate
881 1298 988 1376 pares
1007 1273 1194 1350 babuerat.
1245 1279 1318 1350 Nec
1341 1275 1404 1350 diu
1421 1302 1500 1351 sce-

185 1399 302 1472 lerum
322 1401 529 1496 impunitus,
551 1403 675 1495 patriae
697 1401 983 1472 consternatione
1005 1399 1228 1496 perimitur²,
1244 1395 1371 1472 eadem
1394 1399 1497 1496 spiri·
1586 1477 1600 1494 ‚

183 1539 261 1596 tum
280 1524 464 1618 eripiente,
487 1545 568 1617 qnae
585 1543 739 1617 regnum
757 1519 886 1619 largita
905 1519 1030 1592 iuerat

315 1642 429 1739 Cujus
443 1639 537 1716 filius
554 1641 758 1740 Skyoldus³
771 1657 935 1716 naturam
951 1639 1000 1712 ab
1018 1645 1323 1740 ipso,nonmores
1341 1647 1496 1730 sortitus,

183 1791 250 1865 per
272 1787 450 1840 summanr
463 1765 649 1838 tenerioris
667 1765 779 1838 aetatis
804 1762 1015 1868 industriam
1043 1780 1173 1837 cuncta
1197 1781 1356 1863 paternas
1374 1777 1497 1838 conu-

181 1891 298 1988 gionis
313 1888 460 1985 vestigia
478 1889 621 1985 ingeniti
638 1889 770 1972 erroris
790 1884 897 1960 devio
913 1885 1154 1984 praeteribat⁴.
1204 1891 1316 1987 igitur
1330 1900 1370 1959 ut
1387 1911 1409 1958 a
1432 1909 1498 1984 pa·

182 2015 292 2082 ternis
314 2011 406 2082 vitiis
424 2005 622 2105 prudenter
651 2005 818 2097 descivit,
846 2009 895 2080 ita
915 2010 1018 2082 avitis
1044 2008 1237 2083 virtutibus
1264 2007 1415 2082 feliciter
1439 2033 1496 2090 re·

180 2129 346 2230 spondit,
373 2133 601 2204 remotiorem
624 2130 819 2227 pariterue
844 2133 1129 2229 praestantiorem
1150 2128 1364 2204 haereditarii
1383 2136 1494 2206 moris
1570 2149 1576 2161 ·

180 2258 383 2352 portionem
399 2250 594 2350 amplexus.
654 2254 773 2351 Hujus
795 2250 1036 2326 adolescentia
1060 2253 1152 2325 inter
1182 2267 1352 2350 paternos
1386 2277 1494 2328 vena·

178 2395 275 2450 tores
314 2371 477 2447 immanis
508 2371 642 2446 belluae
674 2371 885 2447 subactione
915 2375 1061 2472 insignis
1107 2352 1218 2447 extitit
1252 2373 1493 2474 pairandoque

178 2503 226 2572 rei
252 2513 384 2571 eventu
405 2497 535 2570 futura
559 2495 638 2593 ejus
660 2493 877 2568 fortitudinis
909 2492 1074 2568 habitum
1105 2500 1262 2570 ominata
1282 2513 1346 2570 est.
1402 2499 1492 2568 Nam

177 2645 261 2694 cum
284 2645 306 2690 a
330 2618 509 2694 tutoribus
533 2617 646 2706 forte,
671 2642 827 2715 quorum
854 2643 997 2692 summo
1020 2613 1138 2690 studio
1164 2615 1411 2708 educabatur,
1437 2619 1492 2690 in-

176 2739 383 2842 spectandae
399 2741 594 2814 venationis
614 2737 792 2812 licentiam
815 2741 1052 2839 impetrasset,
1077 2737 1228 2813 obvium
1252 2739 1319 2814 sibi
1341 2739 1490 2814 insolitae

174 2862 384 2964 granditatis
402 2859 633 2960 ursum,'telo
650 2887 809 2954 vacuus,
843 2860 1010 2962 cingulo,
1049 2845 1157 2959 ¹cujus
1183 2885 1290 2934 usum
1319 2859 1491 2954 habebat,

175 2983 401 3084 religandum
431 2987 588 3060 curavit⁵
638 2983 915 3084 necandumque
965 2984 1159 3058 comitibus
1186 2984 1352 3082 praebuit
1419 2981 1491 3058 Sed

172 3124 207 3179 et
224 3104 432 3205 complures
450 3120 618 3204 spectatae
634 3103 851 3180 fortitudinis
875 3103 1018 3204 pugiles
1034 3130 1101 3204 per
1125 3104 1218 3178 idem
1243 3123 1385 3206 tempus
1404 3111 1487 3182 viri·

219 3395 528 3476 *Tanquumhenefictb
543 3391 708 3479 gratulare]
722 3399 799 3460 Gro-
854 3393 914 3458 ta'us
934 3392 979 3456 lib
1004 3391 1044 3458 10
1059 3409 1125 3478 sap.
1141 3391 1180 3471 2,
1212 3391 1268 3457 1⁵:
1316 3398 1398 3482 Quid
1416 3398 1489 3469 tac,

171 3503 267 3562 talari
293 3499 405 3564 saxoni
438 3513 544 3564 nostro
581 3498 735 3584 sreqtcnti
765 3499 798 3562 in
854 3505 959 3585 rnqut,
978 3523 1079 3588 repens
1093 3505 1289 3562 consternatio
1301 3517 1331 3562 et
1347 3519 1408 3564 tam
1415 3527 1489 3588 pm·

170 3625 226 3666 usu
239 3615 286 3666 est
301 3623 359 3686 pro
372 3606 503 3697 gaudere
516 3623 545 3668 et
558 3609 735 3670 celeranter
749 3609 798 3669 ln·
853 3623 1000 3690 canatque
1011 3605 1105 3690 effusa
1115 3606 1232 3666 licentia
1250 3605 1485 3690 denunttnt?(S)

170 3713 239 3771 tari.
270 3711 333 3770 ‘tta
355 3708 411 3771 sub
430 3709 522 3773 finem
542 3710 595 3773 lib.
620 3713 663 3774 lt:
690 3713 797 3776 Oblata
898 3712 1014 3792 'Cujus
1028 3712 1118 3794 filins
1138 3708 1287 3792 Stirnides]
1311 3709 1431 3776 Priscus
1448 3711 1487 3776 de
1535 3719 1537 3726 ’

171 3817 310 3898 Viggm
327 3817 450 3900 pernitie
471 3842 506 3878 ac
526 3841 640 3878 minere
662 3821 799 3900 gratuler·
852 3814 979 3880 Sltioido
1006 3813 1196 3878 narrationes
1214 3815 1275 3878 rid.
1294 3817 1328 3880 in
1352 3819 1486 3884 not.·ub.

171 3939 240 3992 tus,
262 3932 296 3982 st
318 3919 391 3982 stibi
412 3919 532 4003 passim.
586 3925 631 3984 ita
650 3921 799 4006 Apuleius
899 3925 1058 3984 *Paterno
1071 3926 1254 4005 contagiones
1267 3928 1485 4008 uestigiainge·

169 4018 567 4109 inApologltt(p.¹l73edit.
580 4026 798 4113 ianelpb.)
853 4031 912 4089 niet
939 4031 1048 4089 erroris
1080 4028 1163 4090 derso
1185 4027 1371 4115 preteribat]
1415 4031 1486 4118 Hoo

171 4132 261 4216 and
278 4153 334 4214 ego
362 4123 501 4214 grentior
521 4137 643 4200 nescim
664 4139 737 4198 attor
758 4138 799 4198 te-
854 4143 918 4208 est,
942 4131 1079 4196 semitam
1092 4133 1211 4196 calcans
1226 4131 1264 4194 ab
1280 4153 1385 4197 onore
1400 4134 1486 4216 inge-

165 4241 247 4320 gissa
274 4261 325 4300 ne.
368 4237 410 4300 tt
426 4235 561 4303 crebrius
583 4251 730 4324 usurpant
747 4257 798 4302 so·
853 4233 919 4298 nito
933 4235 1066 4315 deviam,
1086 4239 1213 4323 vestigia
1226 4237 1416 4322 contagionis
1430 4261 1485 4322 pa·

168 4339 239 4404 darn
256 4339 430 4426 significatu
444 4341 609 4427 scriptores
623 4343 714 4408 medii
730 4345 797 4410 nri
851 4353 949 4404 terna
969 4343 1158 4426 preteribat.

167 4447 219 4530 (S)
539 4513 542 4520 Δ
701 4497 710 4508 .
898 4453 910 4488 ⁸
923 4451 1028 4512 Ursum
1038 4453 1156 4532 angulo
1164 4447 1482 4532 ratapandumcarant]

212 4555 477 4619 ‘concrematione
480 4551 652 4641 parabatur]
663 4558 732 4618 Hoc
741 4569 796 4634 eat,
851 4555 901 4616 Da
912 4573 1016 4637 pugna
1030 4552 1087 4616 ista
1102 4552 1142 4615 ait
1163 4551 1238 4616 fides
1259 4573 1353 4638 penes
1377 4569 1481 4621 aucto-

166 4657 326 4722 aoiribus
339 4657 507 4740 conjuratis
521 4657 702 4724 trucidetur.
721 4663 797 4724 Con·
851 4677 916 4722 rem
966 4660 1043 4720 Haec
1061 4669 1163 4721 tamen
1179 4678 1242 4722 non
1256 4660 1320 4724 sine
1342 4665 1481 4750 exemplo

165 4771 310 4834 sternutae
329 4762 483 4830 interdurn
500 4764 697 4846 seditimcm,
724 4783 796 4828 con-
850 4763 968 4826 narrari
991 4761 1029 4828 do
1043 4763 1188 4843 skioldo,
1218 4779 1304 4850 patet
1325 4787 1361 4831 ex
1381 4767 1481 4832 Lund-

164 4871 363 4956 jurationern,
377 4871 541 4946 tumultum
564 4869 698 4936 denotat.
721 4872 796 4936 Cur·
850 4869 1000 4934 namabolt
1028 4867 1075 4932 ed.
1099 4874 1199 4936 Harn.
1220 4873 1251 4936 in
1270 4871 1337 4958 ip.
1356 4869 1408 4950 85,
1428 4873 1479 4937 ubi
