3442 5456
642 304 877 380 inomaus.
1272 308 1361 412 ‚aaa

101 533 317 616 tenogutus,
342 541 409 592 cur
424 515 778 594 troamumuuttla
798 503 907 617 regiae
931 501 1141 594 libertatus
1164 517 1344 618 obsequio
1361 526 1410 596 uti

99 639 293 728 noluisset,
324 639 526 738 reperiendi
552 637 741 715 Frotboais
757 639 834 714 ‘lilii
861 645 974 741 gratia
1000 645 1152 713 Danlam
1174 639 1245 714 sibi
1268 647 1412 738 petitum

97 762 261 852 asseruit,
285 785 351 836 uec
360 763 451 861 ejus,
475 766 539 862 qui
553 752 743 860 petulantis
751 763 930 838 stomachi
945 754 1138 862 ingluviem
1161 787 1315 860 operosa
1340 761 1412 835 da-

99 908 192 980 pum
210 883 366 961 ubertate
387 883 539 958 farciret
598 887 677 958 Hoc
697 887 790 960 euim
818 887 997 960 familiaris
1021 888 1095 983 regi
1122 887 1323 958 Teutonmn
1346 884 1411 960 lu-

99 1007 188 1076 xus¹
211 1017 340 1103 egerat,
364 1020 403 1078 ut
433 1022 596 1082 excoctas
622 1009 725 1106 aquis
748 1009 876 1107 epulas
903 1006 1080 1080 deliciosae
1106 1009 1270 1080 satietatis
1292 1006 1438 1112 studio¹

99 1149 247 1198 rursum
264 1129 334 1225 igni
350 1127 534 1202 torrendas
550 1129 745 1227 preberet·
788 1135 874 1206 Post
897 1129 976 1202 haec
993 1126 1117 1230 lngelli
1133 1151 1249 1202 mores
1265 1131 1413 1204 intactos

98 1248 281 1342 praeterire
297 1275 369 1322 non
384 1273 524 1349 passus,
558 1257 593 1324 in
609 1254 689 1352 ejus
705 1267 815 1353 caput
851 1277 995 1326 omnem
1008 1248 1293 1350 reprehensionis
1307 1276 1413 1324 ama-

98 1367 291 1442 ritudinem
311 1373 497 1464 transtulit,
522 1360 708 1472 lmpietatis
727 1373 951 1463 damnatum,
976 1371 1077 1472 quod
1094 1373 1211 1446 nimiae
1228 1374 1414 1448 saturitatis
1519 1421 1523 1429 ·

101 1516 175 1564 usu
201 1495 357 1570 oscitans
381 1507 520 1592 partam
535 1494 676 1570 edendo
690 1497 878 1596 crapulam
892 1479 990 1570 fmda
1011 1499 1206 1568 ructatione
1220 1493 1413 1585 exhalaret,

99 1615 387 1714 Saxonicamque
402 1621 556 1692 imitatus
573 1619 775 1694 illecebram
792 1619 1017 1717 amplissimis
1039 1639 1061 1688 a
1077 1616 1263 1690 sobrietate
1284 1641 1412 1692 exces-

100 1737 206 1810 sibus
220 1737 428 1830 aberrasset,
442 1739 533 1812 adeo
547 1747 678 1816 vvirtute
701 1763 846 1833 vacuus,
863 1755 904 1814 ut
922 1767 968 1814 nc
982 1741 1163 1840 minimam
1178 1737 1324 1837 quidem
1337 1741 1416 1838 ejus

104 1861 274 1934 umbram
291 1877 564 1936 coruectaretur.
624 1867 777 1940 Maxime
790 1849 910 1938 autem
923 1861 975 1935 illi
990 1861 1215 1961 turpitudinis
1230 1863 1414 1937 cumulum

67 1991 70 1998 “
102 1982 276 2056 accedere
300 1985 540 2078 memorabat,
574 1985 674 2084 quod
703 1989 842 2084 inipso
879 1985 1008 2090 militiae
1034 1989 1196 2060 tirocinio
1216 1985 1416 2062 ulciscendi

89 2108 263 2203 'parentis
280 2111 478 2201 immemor,
501 2109 661 2210 neglecta
681 2125 818 2184 rruturae
843 2107 943 2208 lege,¹
973 2113 1112 2210 paterni
1127 2111 1307 2206 sanguinis
1327 2135 1414 2183 car-

101 2232 226 2304 nifices
240 2229 489 2304 benevolentia
508 2237 617 2330 atque
643 2232 763 2306 oflicio
787 2232 1075 2331 amplecteretur,
1099 2233 1317 2331 iniquissime
1330 2257 1416 2306 me-

101 2357 192 2428 ritos
205 2355 444 2427 amantissima
458 2356 600 2426 caritate
613 2337 835 2453 complexus,
855 2377 1001 2452 eosque,
1025 2355 1062 2426 in
1077 2379 1294 2452 quosquam
1310 2379 1415 2430 acer-
1472 2341 1477 2354 ’

103 2482 196 2554 rime
210 2473 492 2550 animaduertere
504 2475 689 2568 debuerat,
702 2461 775 2549 non
794 2459 903 2550 modo
921 2479 1130 2575 impunitate
1153 2476 1329 2570 donasset,
1345 2504 1416 2554 ve-
1460 2481 1464 2488 '

105 2623 188 2670 rum
205 2602 311 2670 etiam
328 2599 491 2670 convicta
511 2621 554 2670 ac
574 2621 706 2673 mensae
721 2597 858 2672 bonore
881 2597 1009 2698 dignos
1021 2597 1225 2698 judicasset,
1241 2625 1261 2672 a
1284 2600 1418 2698 quibus

103 2721 227 2820 potius
244 2719 395 2817 capitale
410 2720 627 2819 supplicium
649 2719 866 2796 sumendum
884 2720 1017 2796 luisset
1078 2724 1247 2796 Praeterea
1271 2719 1331 2794 hic
1345 2719 1418 2796 hoc

104 2843 263 2916 carmine
278 2846 384 2916 usus²
408 2844 591 2916 asseritur:
811 2859 813 2863 ’

410 2981 528 3061 Cedat
538 2981 689 3058 rubetas
701 2977 822 3061 vetulo
826 2987 1003 3088 juventus

406 3095 454 3182 Et
466 3107 562 3182 sem's
578 3093 721 3184 crebros
734 3125 926 3186 veneretur
937 3137 1057 3188 aanor
1065 3141 1082 3202 ‚-

383 3292 386 3304 .
410 3235 461 3306 la
470 3231 659 3330 uirosorti
671 3255 865 3308 numerosa
881 3257 987 3312 aomo

512 3359 689 3458 Tempora
703 3356 829 3458 malpel.

408 3475 775 3582 Albrietqucaquam
789 3479 890 3552 sertio
904 3479 1073 3582 capillus,
1202 3507 1205 3514 ¹

408 3599 606 3674 Permanet
623 3601 740 3674 aaut
762 3589 1087 3694 eadem‘oetustri,·

317 3723 330 3730 ”
409 3715 617 3826 Neestuens
632 3728 869 3829 oetaspoterit
885 3725 991 3812 critic
1029 3716 1032 3724 ’

508 3853 669 3950 Carpere
679 3857 815 3952 pectus.
921 3891 927 3902 ,
1150 3937 1153 3944 ,

411 3974 473 4046 Me
484 3973 618 4071 gravis
637 3997 756 4050 oessor
768 3973 887 4050 cubito
901 3971 1053 4076 repellit,

156 4234 347 4307 *Faciliora
368 4245 433 4328 regi
453 4219 735 4328 Teutonumlucus]
799 4267 849 4326 na,
877 4242 958 4308 unde
978 4244 1045 4308 baec
1067 4221 1269 4326 desumserat3
1295 4225 1345 4311 vel
1368 4267 1424 4334 po·

107 4347 235 4432 Fragm.
256 4342 422 4411 membran.
437 4347 546 4413 babet:
571 4355 739 4416 Familiari·
798 4353 858 4416 tius
869 4347 984 4436 duplici
997 4347 1160 4414 traditione
1177 4371 1232 4414 ceu
1248 4347 1336 4415 fonto
1353 4372 1425 4414 usna

111 4483 160 4520 am
175 4459 243 4540 regi
256 4460 427 4519 Teutonum.
799 4469 862 4535 est,
887 4475 948 4518 uno
975 4459 1134 4540 prosaico,
1162 4450 1254 4542 quem
1279 4457 1426 4520 hactenus

154 4565 329 4626 ²Praeterea
356 4563 401 4626 tic
427 4565 484 4626 hoe
503 4567 630 4627 carmine
655 4559 739 4646 usus]
800 4561 958 4648 expressit,
974 4563 1183 4626 alteroantem
1191 4562 1426 4648 poetico,quem

109 4667 281 4752 Postquam
295 4679 384 4730 autor
404 4687 540 4732 severam
555 4667 740 4734 Starcatheri
799 4686 882 4731 nuno
912 4665 1061 4732 latinitate
1092 4667 1239 4734 donatum
1272 4670 1427 4756 integrum

112 4773 356 4858 increpationem
376 4793 516 4837 sermone
542 4775 645 4838 soluto
668 4797 741 4862 pro·
799 4771 931 4838 exhibet.
983 4777 1105 4860 Fragm.
1130 4775 1286 4861 menbran.
1315 4776 1426 4863 sepias

111 4881 240 4958 tulerat,
254 4879 321 4966 ipsa
341 4877 451 4945 deiude
463 4880 620 4966 subjungit
633 4879 742 4945 cerrui-
801 4880 927 4946 citatum
941 4883 1058 4968 omittit
1081 4883 1135 4946 ltr'e.
1410 4879 1413 4887 ’
