3446 5458
615 325 804 402 nnoruo
828 329 884 402 m
1090 291 1099 324 '
1276 330 1350 405 217

111 477 398 632 uenustissime
413 535 483 614 sibi
500 535 579 612 lore
592 539 765 640 rugituum,
778 537 890 616 liliam
904 537 1081 641 placuisse
1087 534 1245 614 Gothori.
1292 539 1403 618 Ideo-

110 679 176 758 que
188 683 327 734 norum
349 657 402 732 illi
421 657 606 760 legationis
624 685 720 761 opus
734 659 878 760 deberi3
908 665 1043 764 optime
1063 660 1207 760 abipso
1222 671 1405 766 negotium

109 779 235 880 expleri
250 803 370 882 posse,
384 782 491 880 eujus
502 781 591 856 nibil
603 783 760 858 arduum
772 788 914 863 conatui
931 783 1113 860 videretur
1126 783 1213 859 lore.
1234 789 1406 862 Praeterea
1443 813 1448 832 ·

108 925 143 980 se
163 905 358 982 thvnram
372 903 423 982 ob
439 903 542 980 celati
556 907 985 982 miminboonscicntiam¹
998 903 1155 980 silicibus
1170 905 1407 1002 obtutui-arm

109 1023 318 1100 liauuudam
331 1051 418 1104 vero
430 1025 653 1104 redditurum
672 1035 776 1130 patri,
798 1053 846 1104 ue
867 1031 903 1104 iu
917 1029 1033 1102 Danla
1058 1044 1323 1104 maturantem
1338 1053 1407 1106 oa·-

108 1150 185 1246 pitis
203 1150 261 1222 sui
284 1149 531 1226 insidiatricem
554 1149 710 1228 baberet.
781 1153 908 1226 Erioos
932 1148 1116 1226 consilium
1141 1149 1283 1248 probat,
1303 1175 1406 1229 suasu

108 1270 284 1370 insperatis
296 1297 445 1373 operam
461 1272 645 1374 pollicens,
661 1289 821 1374 excepto,
834 1269 937 1372 quod
954 1271 1112 1372 reginam
1119 1269 1274 1370 repudio
1291 1289 1407 1348 actoru

108 1390 249 1468 llollero
263 1393 387 1472 melius
403 1395 634 1472 maritandam
647 1410 830 1487 astrueret,
847 1419 869 1468 a
890 1418 966 1495 quo
982 1392 1080 1468 nulla
1097 1395 1266 1491 majestati
1283 1397 1406 1492 suspi-

109 1513 162 1588 cio
177 1513 282 1590 foret.
349 1521 465 1612 Quam
486 1522 694 1596 sententiam
716 1515 850 1594 Frotlro
867 1514 1016 1616 perinde
1040 1541 1084 1590 ao
1104 1513 1267 1594 divinitus
1284 1515 1407 1592 datum

109 1633 359 1714 documentum
372 1641 647 1728 venerabundus
662 1647 807 1741 excepit.
862 1640 996 1740 Regina
1009 1662 1169 1738 quoque,
1182 1664 1227 1714 ne
1243 1638 1407 1714 violentia

109 1763 246 1862 astringi
271 1758 467 1857 rideretur,
494 1762 715 1842 muliebriter
736 1762 1010 1862 obtemperarit,
1025 1758 1215 1851 affirmans,
1237 1783 1259 1830 n
1281 1774 1407 1836 natum

109 1880 252 1958 dolendi
269 1889 508 1960 necessitatem
530 1911 603 1962 non
626 1911 716 1978 eme,
727 1909 942 1984 omnemque
963 1885 1068 1956 animi
1094 1879 1336 1984 egritudinem
1359 1881 1408 1956 ab

109 2006 275 2104 opinione
291 2006 467 2108 proficisci
490 2009 616 2084 solere.
677 2011 851 2084 Caeterum
875 2002 1115 2106 plangendam
1135 2029 1210 2078 nou
1230 2028 1305 2078 esse
1318 2029 1407 2104 pm·

109 2151 208 2221 uam,
233 2153 317 2226 qute
343 2135 475 2207 meritis
497 2130 690 2208 accidisset
741 2134 794 2204 Ita
816 2154 904 2228 ergo
927 2127 1050 2202 iratres
1072 2127 1279 2226 conjunctas
1306 2149 1410 2226 egeto

110 2253 258 2352 nuptias,
273 2249 382 2324 altero
403 2276 563 2328 sororem
583 2257 688 2355 regis,
703 2252 812 2328 altero
826 2247 1048 2349 repudiatam
1067 2253 1225 2348 reginam
1247 2246 1412 2327 ducenta

204 2431 214 2451 .
235 2372 385 2465 Deinde,
404 2378 557 2476 sumptis
577 2401 700 2452 secum
716 2373 944 2474 conjugibus,
965 2373 1231 2473 navigationem
1253 2373 1289 2444 iu
1312 2375 1410 2446 Nor-

111 2496 248 2596 tagiam
273 2496 437 2572 tolerunt
502 2503 627 2599 Neque
654 2500 747 2572 enim
779 2495 858 2570 illas
883 2496 1083 2569 oritorum
1113 2491 1221 2568 latere
1255 2508 1317 2568 aut
1342 2494 1410 2568 vie

110 2613 344 2722 longinquitas
370 2636 431 2692 aut
446 2619 556 2696 futuri
586 2619 735 2721 periculi
751 2635 866 2694 metus
884 2615 1048 2691 divellere
1062 2631 1211 2716 poterat,
1227 2613 1411 2688 affirrnau-

110 2755 169 2834 tes,
184 2755 229 2816 ut
241 2739 401 2839 plumam
413 2741 516 2838 hitto,
541 2744 593 2820 sle
608 2767 647 2818 se
660 2745 793 2818 maritis
807 2741 1010 2816 ooboesuras
1028 2738 1115 2812 lore.
1166 2742 1209 2810 Et
1223 2739 1296 2836 jam
1317 2739 1410 2810 Cro·-

110 2887 197 2956 oam,
213 2860 404 2942 demortuo
417 2868 593 2968 Regnero,
611 2871 701 2942 Broc
715 2864 857 2940 cuidam
871 2865 1033 2964 nupsisse
1051 2861 1283 2960 comperiunt.
1329 2861 1410 2932 De·

110 2986 189 3060 iude
209 3003 364 3085 pateruae
387 3013 484 3090 gazae
509 3013 702 3081 memores,
723 3003 878 3090 egestam
905 2985 1018 3060 humo
1054 2989 1240 3084 pecuniam
1270 2981 1411 3079 tollen

111 3117 153 3184 At
177 3113 334 3186 comma
360 3136 503 3186 onmem
522 3113 614 3186 Erioi
628 3112 825 3204 loctunam,
854 3108 948 3184 fama
963 3113 1080 3186 virum
1095 3091 1289 3207 praeunte,
1312 3103 1413 3184 dill-

110 3249 213 3323 oerat.
241 3235 286 3306 Ut
302 3249 421 3306 antem
436 3237 554 3333 ipsum
570 3234 754 3308 advenisse
769 3237 947 3332 cognovit,
962 3233 1107 3321 veritus,
1121 3229 1244 3304 ultima
1256 3253 1414 3328 quaeque

109 3360 144 3426 in
158 3355 417 3454 Nomagieusos
433 3360 560 3432 eximia
580 3359 635 3432 sni
657 3356 786 3432 fiducia
808 3353 1023 3446 moliturum,
1044 3377 1155 3427 uxore
1177 3354 1320 3450 privare
1343 3377 1414 3433 stt·

109 3503 241 3578 arnque
257 3476 309 3550 illi
322 3475 431 3552 filiam
447 3479 624 3579 ademptae
641 3479 802 3579 conjugis
816 3477 899 3550 loco
921 3475 1092 3576 copulare
1111 3474 1285 3550 studebat
1334 3477 1413 3550 lie-

109 3604 191 3703 gina
206 3623 362 3702 namque
377 3627 494 3700 nuper
508 3601 713 3692 demortua,
734 3599 849 3676 nullas
865 3601 977 3700 magis
994 3624 1104 3698 quam
1122 3619 1301 3698 germanae
1316 3599 1414 3668 Fro-

110 3723 227 3798 thonis
242 3725 382 3822 nuptias
397 3723 592 3798 affectabat
634 3727 747 3825 Cujus
764 3725 890 3797 Erieos
907 3726 1093 3794 intentione
1111 3737 1302 3820 comperta,
1320 3743 1414 3792 oon-

111 3848 247 3922 vocatis
270 3850 387 3946 sociis,
399 3846 515 3939 refert,
532 3871 634 3922 suam
657 3846 812 3922 necdum
835 3843 999 3920 cautibus
1016 3845 1186 3920 abstibsse
1201 3843 1415 3916 fortunam&

111 3971 288 4044 Caeterum
300 3993 446 4070 sperare
460 3993 511 4061 se,
525 3970 659 4046 fascem
681 3967 826 4045 labilem
840 3993 936 4062 esse,
958 3969 1021 4067 qui
1037 3965 1180 4042 viuculo
1196 3992 1269 4040 non
1286 3965 1413 4040 firme-

158 4259 407 4344 'Camertimd
431 4259 490 4326 Ed.
513 4285 561 4348 pr.
585 4269 736 4330 consciam.
792 4273 875 4326 ctum
882 4283 892 4342 3
913 4257 1010 4324 adbuc
1033 4281 1065 4324 se
1086 4259 1120 4323 ln
1144 4257 1281 4322 caulibus
1302 4256 1416 4331 verstri

110 4367 448 4458 sedeleritoi.(1ttg)
507 4439 511 4446 Ἴ
586 4437 592 4450 ‚
793 4366 981 4452 eoseopulis.
1021 4369 1166 4430 Aiserm
1180 4367 1265 4438 bello,
1280 4365 1417 4428 obsistere

789 4489 896 4564 pugno
917 4471 1047 4556 antiquis
1068 4470 1212 4534 mitreum
1230 4481 1284 4532 est.
1331 4467 1416 4538 Vitil-

157 4581 269 4645 ²Saum
292 4582 413 4650 medum
438 4581 570 4645 cautibus
591 4578 736 4642 abstitisse
794 4600 834 4642 ne
847 4577 919 4642 boio
943 4576 1059 4640 locutio
1082 4589 1128 4640 est
1139 4573 1273 4640 Lucretii
1295 4573 1352 4638 sub
1382 4573 1418 4638 fl·

104 4683 278 4770 fortunam]
294 4690 365 4751 Hoc
384 4697 440 4764 ost,
453 4683 608 4749 fortunam
629 4682 735 4748 edver-
763 4677 772 4694 '
795 4703 865 4749 uem
879 4681 947 4748 Lib.
967 4685 1004 4762 11,
1023 4685 1065 4747 ad
1075 4686 1223 4771 scopttlum
1238 4686 1280 4746 ire
1301 4703 1362 4768 pro
1376 4683 1420 4748 acl

111 4813 180 4856 aem
195 4814 280 4858 emm
298 4791 433 4857 nondum
459 4794 549 4880 plane
576 4791 737 4878 expiatam,
798 4795 958 4864 interitura,
982 4788 1160 4876 metaphora
1174 4789 1292 4856 scilieet
1310 4809 1327 4854 e
1347 4786 1417 4854 navi

114 4895 250 4966 nondum
269 4897 394 4964 adversa
418 4895 541 4962 fortuna
561 4919 594 4964 se
631 4894 739 4962 defun·
793 4905 900 4962 iumtn
915 4891 966 4977 (S)
