3506 5458
410 296 484 370 tto
763 297 940 368 fltsrott.
955 297 1061 368 BAN.
1076 297 1215 372 matt
1235 301 1277 368 X.

359 505 457 578 tectis
471 499 752 577 dissimulatione
774 499 885 594 odiis,
919 500 1111 577 adversum
1129 499 1340 580 deiectionis
1362 529 1436 580 aaa
1461 513 1635 582 consortem

358 629 517 700 armavit
570 628 762 711 Enimvero
783 621 1048 722 aspernenter,
1072 629 1118 700 ita
1133 626 1336 725 periculose
1360 625 1464 702 hoste
1476 631 1509 702 in
1521 627 1634 704 hutten

359 773 459 840 usos,
472 744 666 820 ambitione
681 747 890 844 coujunctos
904 753 1014 822 armis
1029 746 1196 824 dividuos
1213 749 1304 826 lecit.
1351 753 1462 851 lgitur
1481 753 1635 826 Danontn

359 869 630 970 auglorumque
644 869 852 944 exercitibus
867 868 1037 946 acerrima
1055 895 1180 971 pugna
1196 879 1385 966 monartio,
1416 878 1570 972 Tymmo,
1580 899 1634 973 ge-

358 1019 443 1068 nere
457 989 686 1083 Sialnndicus‚
712 1015 797 1064 eum
814 991 932 1066 hostili
956 994 1093 1090 impetu
1113 996 1221 1070 sociae
1238 999 1350 1093 partis
1376 995 1511 1094 aquilas
1529 995 1634 1068 adno-

358 1118 447 1192 tlum
463 1113 648 1190 inclinatas
665 1113 810 1207 videret,
827 1115 1028 1212 levemque,
1053 1133 1088 1190 et
1107 1143 1214 1214 quem
1230 1141 1312 1192 sors
1327 1117 1514 1210 obtulerat,
1533 1141 1635 1190 ramu-

360 1241 435 1316 lum
452 1239 553 1314 hasta
570 1235 722 1328 sustulit,
748 1263 866 1336 eoque
882 1237 997 1312 vexilli
1015 1237 1096 1312 loco
1121 1262 1211 1314 usus
1244 1256 1353 1338 atque
1367 1244 1412 1320 'in
1427 1267 1508 1316 eum
1521 1241 1635 1314 vocife-

359 1380 458 1438 ratus
474 1359 637 1450 modum,
662 1385 739 1457 quc
761 1362 887 1437 Canuti
907 1361 1033 1436 milites
1050 1378 1185 1438 mutate
1202 1362 1456 1440 ndhomrionis
1473 1366 1573 1463 gratia
1586 1389 1635 1436 ac-

359 1486 514 1562 clamare
528 1499 793 1573 consueverant,
817 1485 987 1560 adversas
1001 1485 1037 1558 iu
1054 1485 1178 1584 fugam
1201 1501 1337 1560 turmas
1360 1486 1443 1560 felix
1464 1489 1637 1586 antmigna·

358 1633 427 1686 nus
442 1613 578 1684 avertit.
629 1609 753 1706 ltaque
770 1632 841 1680 ooo
858 1625 932 1680 tam
947 1608 1038 1708 signi
1077 1632 1189 1707 quam
1204 1615 1310 1684 animi
1328 1612 1458 1686 virtute
1481 1610 1637 1686 selauno

359 1735 435 1810 suit
452 1729 684 1831 aquiliferum
698 1731 826 1829 gessit,
856 1747 1113 1830 nutantemque
1129 1734 1318 1808 Dacorum
1336 1734 1514 1810 fortunam
1534 1730 1574 1804 ad
1592 1733 1636 1804 ti-
1707 1802 1708 1822 ἢ

359 1855 507 1930 utorium
528 1879 657 1953 nsque,
671 1852 920 1940 relaberetur,
937 1859 1054 1928 erexit.
1112 1859 1186 1930 Nec
1199 1855 1319 1932 solum
1333 1855 1566 1930 lortitudincm
1579 1855 1636 1951 ipsc

358 1979 601 2079 plenissimam
617 1977 783 2075 praebuit,
807 1974 994 2052 sedetiam
1009 2003 1050 2050 ex
1064 1978 1246 2052 sociorum
1266 1981 1395 2055 animis
1410 2002 1510 2078 paene
1527 1975 1635 2076 pmlu·

359 2127 443 2202 gam
463 2102 649 2178 revocavit
702 2103 817 2198 Cujus
841 2099 925 2174 facti
940 2099 1053 2176 decus
1067 2100 1301 2198 postmodum
1325 2104 1535 2200 cognomine
1549 2125 1636 2174 utur-

359 2229 493 2324 parit¹,
518 2230 735 2324 insuperque
756 2224 894 2298 virtutis
917 2222 1018 2298 titulo
1040 2222 1178 2296 honore
1199 2223 1371 2328 primipili
1392 2251 1417 2298 a
1438 2253 1520 2328 rege
1538 2223 1635 2300 donari

359 2348 496 2422 meruit.
556 2351 629 2420 Nec
652 2345 782 2445 puduit
804 2351 992 2422 Danorum
1015 2363 1156 2446 partes,
1177 2345 1470 2444 splendidissimo
1484 2347 1636 2446 aquilifero

359 2469 675 2569 defectas‚'plebeii
690 2470 844 2544 hominis
863 2471 1024 2560 ductum,
1034 2485 1071 2542 ut
1086 2467 1284 2544 obscurum
1301 2475 1434 2567 specie,
1449 2473 1493 2544 ita
1510 2468 1635 2570 procla·

359 2619 442 2676 rum
460 2609 601 2683 eventu,
617 2598 782 2667 recreatis
805 2595 943 2685 animis,
957 2592 1081 2668 salutis
1099 2595 1290 2692 praemium
1305 2595 1508 2667 consectari.
1553 2593 1636 2692 lgitur

358 2713 562 2810 Eduardus,
577 2719 732 2789 contusis
748 2741 896 2789 suorum
913 2717 1049 2808 animis,
1073 2713 1333 2790 intolerabilem
1354 2717 1482 2790 Daniel
1501 2720 1636 2788 exercitat

357 2840 521 2940 spiritum
540 2837 843 2932 animadvertens,
874 2841 959 2938 quio
975 2861 1122 2912 manum
1140 2865 1214 2914 nou
1233 2855 1394 2938 poterat,
1419 2855 1555 2940 pactum
1574 2859 1634 2910 cun

359 2961 463 3038 hoste
487 2963 702 3056 conseruit2,
734 2973 794 3052 ut,
810 2961 932 3060 quoad
947 2962 1025 3060 ipse
1050 2964 1199 3055 vireret,
1213 2965 1394 3038 Canutmn
1418 2960 1546 3038 dimidii
1560 2961 1634 3057 regni
1709 2957 1710 2972 ³

358 3101 560 3160 consortem
575 3082 745 3175 haberet,
765 3087 937 3158 extinctus
961 3088 1122 3160 omnium
1143 3083 1327 3162 bonorum
1350 3085 1531 3162 haeredem
1548 3081 1633 3156 relin-

359 3221 495 3306 queret.
555 3209 606 3279 lta
627 3208 778 3286 victora
791 3209 884 3281 victo
901 3203 1048 3297 extudit,
1073 3221 1114 3277 ut
1134 3209 1164 3278 is
1179 3206 1249 3280 sibi
1266 3215 1527 3284 consortionem
1541 3212 1634 3302 impe·

358 3331 401 3404 rii
427 3330 547 3403 vivens
573 3325 730 3422 cederet,
756 3346 870 3403 totum
892 3329 1049 3402 moriens
1083 3342 1293 3404 testamento
1323 3329 1470 3430 legaret.
1528 3323 1633 3401 Eodem

359 3469 522 3554 tempore
534 3449 718 3545 Alwinam,
734 3449 905 3554 abvolavo
919 3449 1156 3546 adamatam³,
1170 3453 1341 3545 Caunios,
1357 3456 1484 3528 eximia
1498 3467 1634 3526 ιιιιιιιοιιιι

358 3703 624 3784 mineHaraltlum‚
646 3706 702 3792 qui
716 3704 825 3768 deinde
839 3726 891 3770 rex
907 3709 985 3768 Nor·
1046 3702 1103 3766 bus
1134 3703 1252 3768 bellicis
1278 3706 1492 3773 immiscuerat
1552 3696 1634 3766 Orruit

358 3811 455 3896 regim
469 3812 574 3890 erasit,
593 3809 647 3874 ted
666 3812 719 3874 illa
737 3832 818 3875 anuo
836 3809 917 3874 1015
932 3811 986 3874 vir
1043 3810 1146 3894 igitur,
1168 3810 1348 3896 quaelicet
1366 3812 1400 3876 in
1413 3808 1592 3897 sequentibus
1602 3798 1634 3864 al·

358 3920 457 3986 lucem
477 3917 666 4003 adspexerat.
712 3921 782 3982 Hoc
800 3917 894 4002 igitur
910 3919 980 3982 loco
1042 3919 1184 3984 laruntnr
1209 3919 1248 3984 tle
1271 3917 1429 3998 Eduardo,
1452 3903 1634 4004 pertiuenttl

358 4024 424 4110 ojus
440 4025 556 4090 mentio
578 4043 636 4109 pet·
657 4022 919 4090 anachronismum
938 4024 983 4090 la·
1043 4025 1255 4103 admondum,
1293 4021 1391 4088 lilium
1419 4020 1567 4090 Ethelradi
1580 4027 1634 4080 osto

358 4144 408 4196 cta
425 4145 480 4199 est.
1042 4133 1200 4216 mojorem.
1241 4131 1466 4206 Pactumiuter
1485 4123 1634 4196 ametis·

406 4243 515 4304 ¹Factt'
532 4241 619 4306 decas
633 4241 820 4327 postmodam
837 4246 984 4326 commi·
1044 4253 1152 4304 nolum
1163 4239 1273 4304 initum
1287 4236 1347 4302 l'ttit
1366 4232 1544 4304 canutoli

357 4368 394 4408 m
413 4341 582 4434 usurpanti]
603 4348 652 4410 Dr
681 4345 777 4410 hocce
801 4347 984 4432 cognomina

358 4448 422 4541 '5³2
437 4461 502 4514 ιιοι.
523 4449 608 4514 uber.
1089 4455 1252 4517 'Aluiaom
1268 4453 1304 4516 ab
1316 4441 1586 4522 orarationem]
1597 4437 1633 4504 ll·

402 4560 588 4624 'Edmrdm
617 4602 641 4621 ..
669 4577 791 4646 pactum
818 4585 883 4622 cum
903 4561 985 4624 hoste
1044 4557 1097 4622 des
1114 4557 1205 4641 hujus
1230 4557 1413 4624 mutationis
1440 4557 1479 4620 sit
1499 4570 1579 4642 peret
1594 4548 1633 4610 Sc

358 4661 517 4746 rotmaruit]
531 4662 704 4744 Edrardum
717 4663 797 4730 filins
813 4664 986 4746 Ethelredi‚
1043 4685 1163 4730 xorem.
1235 4667 1306 4730 tlon
1332 4664 1455 4754 qnidam
1479 4677 1572 4724 somn
1592 4659 1633 4720 fii

358 4766 412 4854 qni
428 4767 551 4834 virente
566 4771 708 4838 Sreuooe
722 4770 887 4838 admodum
901 4771 986 4856 jnra-
1045 4776 1196 4838 canotum
1210 4783 1281 4838 ante
1290 4771 1569 4836 matrimoniorum
1579 4759 1633 4822 E*

359 4875 406 4944 ult
421 4884 498 4950 etti,
515 4871 710 4942 breviando
728 4892 868 4964 temporo
887 4899 922 4944 te
938 4900 987 4946 re·
1047 4901 1096 4944 nto
1116 4878 1225 4945 initum
1254 4875 1378 4940 Allilam
1403 4875 1482 4950 tire,
1511 4881 1541 4932 ot
1560 4855 1632 4943 mli
