3520 5462
338 332 389 415 76
675 337 852 412 ttlstott.
880 339 986 413 DAN.
1013 335 1152 410 Llllllli
1172 341 1212 413 ll.

286 547 511 654 prorqulhnu
519 555 782 650 pagna-uns,
798 571 958 650 pugnem
976 549 1125 626 ritendo
1142 550 1369 625 teronemnsi
1394 553 1496 646 Quos
1513 573 1608 650 pnn-

287 679 414 776 pertrti
433 669 617 771 subjicere
630 669 836 762 dchcmrus,
851 671 982 749 divitiis
1002 671 1234 748 imbuennrsl
1257 673 1379 773 Spolin
1393 673 1611 747 fortiterce-

287 803 427 899 pimus3
441 792 597 868 molliter
610 794 808 892 jncicmm?
838 794 934 888 Quid
946 797 1090 896 turpius
1112 821 1134 869 a
1151 795 1258 870 nohis
1276 799 1449 871 committi
1463 797 1610 895 poter-k,

182 1006 185 1014 ¹
287 945 399 1020 ‘le
416 918 548 992 eornm
564 939 726 1014 erogare,
751 915 889 1014 qm‘hus
907 917 1047 992 ferrum
1069 917 1232 1018 infligere
1245 917 1455 1010 stebemust
1488 921 1611 992 Pavor

286 1061 473 1140 nunqurm
494 1039 635 1128 eximet,
655 1036 758 1137 quod
776 1043 888 1114 virtus
903 1043 1055 1141 peperit.
1112 1039 1221 1135 Quod
1242 1039 1343 1114 hello
1361 1041 1609 1138 quesivimus,

286 1161 386 1238 hello
398 1157 644 1260 linquendum
669 1175 734 1232 est.
797 1161 901 1238 'fenti
923 1161 1049 1263 preda
1070 1181 1208 1255 renent,
1233 1167 1499 1262 quanti,emptn
1530 1177 1612 1254 ests

286 1285 383 1360 ferro
397 1288 553 1384 pretium
576 1279 809 1381 ponderetur.
840 1287 989 1361 Praestat
1002 1291 1168 1386 spetiosa
1187 1284 1336 1385 defungi
1350 1301 1478 1373 morte,
1489 1306 1609 1382 quum

286 1403 561 1483 lueisariditate
581 1401 766 1478 vilescere.
828 1409 861 1478 A
884 1413 959 1483 vitu
974 1407 1128 1508 perrulo
1143 1411 1319 1508 temporis
1333 1419 1517 1480 momento
1540 1403 1612 1479 de·

285 1534 457 1624 setimnr3
470 1526 595 1626 pudor
603 1531 712 1599 edum
731 1526 845 1602 fatum
862 1530 1071 1631 insequitur.
1130 1531 1224 1604 linio
1241 1528 1391 1620 accedit,
1420 1525 1523 1628 quod
1547 1529 1609 1626 ju·

286 1669 423 1732 stanin
444 1675 574 1726 surum
602 1647 716 1724 botis
730 1648 966 1728 hcc-cridius
988 1656 1209 1754 insequetur,
1237 1676 1314 1752 quc
1341 1652 1481 1750 majore
1503 1653 1608 1724 metri

288 1775 409 1877 urgeri
427 1771 629 1846 crediderit
686 1777 863 1850 Praeterea
886 1792 1013 1851 neutro
1027 1768 1136 1849 nohis
1155 1775 1300 1850 fortuna
1315 1778 1392 1848 nnri
1408 1771 1534 1848 odim
1548 1771 1608 1846 lh-

286 1902 346 1972 cit.
396 1897 559 1972 Victores
577 1916 736 1994 numque
758 1922 841 1990 cere,
868 1897 972 1998 quod
986 1913 1179 1998 gestamus,
1203 1897 1413 1987 orabimus,
1442 1897 1524 1971 victi
1546 1917 1606 1970 se·

286 2017 880 2121 pultumpraemiorelinquemus.
931 2023 1018 2092 Hsee
1035 2026 1164 2096 senior.

417 2140 617 2232 Atmilites,
650 2147 745 2242 regis
769 2147 891 2240 potius
913 2165 1025 2243 quam
1048 2141 1181 2218 scdnlis
1204 2139 1391 2216 consilinm
1414 2146 1607 2230 intuentes,

285 2266 519 2366 prioremque
562 2263 847 2340 exhortationem
870 2282 1024 2365 postet-re
1051 2265 1302 2365 preferentes,
1344 2261 1447 2364 quod
1468 2263 1608 2360 cuique

285 2413 407 2489 opum-
421 2401 515 2478 erat,
542 2389 703 2462 certatim
733 2383 862 2462 loculis
886 2403 1058 2487 egerunt*
1114 2391 1286 2463 Μαιιιιοε1
1315 2411 1465 2488 quoque
1491 2383 1606 2458 varie

285 2508 516 2612 supellectilis
539 2508 684 2610 gerulos
712 2511 884 2584 oneribus
909 2509 1121 2606 absolvunt3
1146 2515 1272 2610 sicque
1286 2509 1503 2585 vacuefactis
1518 2531 1605 2578 cru·

285 2635 413 2724 menis,
431 2637 540 2706 armis
553 2629 708 2706 habilius
723 2637 967 2732 accinguntur.
1016 2633 1158 2728 Quibus
1173 2635 1387 2733 progressis,
1403 2625 1605 2705 succedun-

285 2773 340 2832 tes
357 2757 512 2830 Britanni
527 2759 564 2826 in
577 2769 760 2853 putentem
778 2753 849 2828 lute
861 2754 1023 2852 predam
1036 2753 1223 2830 dissiliunt
1274 2758 1394 2848 tQucs
1419 2773 1490 2827 ren·
1505 2757 1606 2826 circa

285 2879 449 2979 peeunioe
466 2891 613 2976 raptum
629 2874 769 2950 aridius
795 2901 904 2975 aequo
922 2894 1120 2977 occupatos
1143 2882 1379 2976 conspiciens,
1399 2899 1528 2950 cavere
1542 2876 1607 2973 ju·

284 3001 366 3093 bct,
395 3024 441 3074 ne
465 2997 657 3074 destinatas
669 2997 801 3098 proelio
825 3023 953 3074 manus
972 3023 1085 3098 opum
1110 3023 1221 3074 onere
1238 3001 1404 3100 fatigent,
1437 3002 1605 3089 seientes,

284 3119 507 3219 triumphum
523 3135 605 3194 ante
633 3119 856 3220 carpendum
871 3145 983 3221 quam
998 3147 1156 3196 censum.
1207 3121 1373 3214 Proinde,
1396 3145 1486 3196 auro
1501 3143 1606 3220 spre·
1635 3107 1647 3117 ’

285 3261 343 3335 to,
367 3244 447 3317 curi
475 3241 641 3318 dominos
667 3245 919 3342 insequantur,
944 3269 1012 3318 nec
1034 3246 1132 3334 aeris,
1158 3242 1224 3318 scd
1242 3249 1400 3318 victorie
1421 3243 1607 3342 fulgorem

285 3369 477 3455 mhentur,
501 3368 811 3464 mernircrintque,
830 3371 942 3442 sonus
962 3382 1141 3465 tropeum
1158 3391 1349 3467 prensare,
1372 3389 1484 3466 quam
1498 3387 1604 3464 qutu-

285 3503 392 3564 stum.
438 3491 617 3562 Potinrem
633 3511 712 3563 esse
725 3485 873 3562 metallo
889 3493 1067 3582 virtutem,
1085 3493 1116 3564 si
1136 3493 1203 3564 rite
1227 3487 1604 3564 (amborum-habiturn

285 3617 485 3686 metientur.
542 3614 621 3686 Hoc
642 3635 802 3709 nemque
832 3613 1043 3688 exteriorem
1068 3629 1234 3688 ornatum
1258 3610 1460 3703 conciliari,
1497 3608 1603 3683 illum

284 3736 423 3808 interno
436 3748 660 3832 externoque
670 3731 786 3806 cultui
804 3733 960 3830 pretium
979 3735 1115 3810 aliene.
1178 3733 1424 3829 Quamobrem
1442 3749 1606 3808 remotos

285 3859 489 3955 apecuniae
512 3853 813 3953 contemplatione
833 3855 957 3930 oculos
980 3855 1157 3948 habeant,
1191 3859 1488 3957 abstractumque
1515 3879 1604 3929 svs·

283 3979 363 4054 ritis
379 3979 537 4050 animum
552 3975 640 4049 hclli
656 3981 782 4056 studiis
799 3980 1017 4080 impendant.
1056 3984 1231 4055 Praeterea
1246 3983 1422 4074 noverint,
1437 3976 1603 4080 praedam

284 4100 333 4174 ab
354 4097 520 4174 hostibus
543 4097 589 4172 dc
598 4099 771 4176 industria
792 4107 959 4205 rejectam
984 4129 1186 4204 aurumque
1203 4105 1339 4180 insidiis
1350 4111 1468 4206 potius
1487 4123 1600 4200 quam

283 4225 367 4298 usui
382 4227 605 4298 seminatum.
664 4223 735 4298 Sed
759 4243 794 4300 et
813 4226 1011 4328 simplicem
1026 4229 1164 4327 argenti
1180 4231 1331 4302 nitorem
1346 4226 1484 4298 latentis
1499 4222 1599 4296 humi

284 4343 412 4422 fraude
426 4342 638 4443 implicitum
660 4352 781 4424 teneri.
842 4353 969 4450 Neque
994 4351 1090 4424 enim
1113 4349 1217 4424 facilc
1240 4350 1376 4450 fugisse
1398 4352 1604 4424 existimen-

285 4465 385 4560 dum,
408 4474 469 4569 qui
495 4469 625 4544 fortem
641 4473 891 4548 Britanncrsuh
906 4489 1050 4573 gentem
1066 4469 1162 4572 fuge
1180 4474 1279 4570 prior
1294 4469 1464 4572 adegerit
1520 4471 1600 4542 Ce-

279 4757 390 4844 probus
412 4753 454 4819 its
477 4780 494 4821 a
514 4761 631 4824 Saxone
652 4775 852 4846 usurpantur,
876 4777 911 4826 ut
1017 4761 1177 4842 ¹Maunos]
1193 4766 1378 4828 Mennisuat
1392 4762 1462 4850 equi
1477 4759 1600 4848 pusiili;

286 4859 498 4925 fortitudinem
513 4877 544 4926 ct
559 4861 671 4929 sortem
686 4864 838 4930 denotent.
971 4871 1079 4931 Horat.
1090 4887 1180 4932 cerm.
1191 4869 1234 4934 lib
1243 4874 1282 4934 111
1292 4867 1350 4938 Od.
1359 4863 1599 4947 xxvltaerst.
