3506 5458
347 385 356 400 .
474 323 720 402 alumnos
739 321 1044 402 conminuta
1289 317 1377 396 477·

115 537 218 611 endis
231 535 352 610 amieis
366 533 467 610 la'lari
485 536 671 610 oculorum
681 534 806 610 babitu
823 547 990 627 uteretur,
1005 529 1147 610 audivit.
1186 533 1302 626 Quem
1320 536 1421 604 enim·

116 653 325 734 amineum
341 645 592 757 compluribus
607 658 683 733 aliis
697 655 892 732 honestatis
903 659 1089 754 praeoeptie
1106 653 1291 746 imbuerat,
1309 660 1422 728 ettam

115 763 408 881 aptoseonviotui
427 805 546 856 mores
565 788 728 883 ignorare
754 801 883 882 passus
902 801 976 852 nou
999 791 1062 850 est.
1130 779 1174 848 At
1186 783 1244 849 oui
1258 780 1423 874 paeonis

115 927 214 978 mors
230 909 444 1004 norvagiam
468 907 583 997 cessit,
596 903 709 1004 paulo
731 917 815 1003 post
830 900 1060 1002 praeceptoris
1084 885 1232 973 occasus
1253 895 1421 997 Angliam·

116 1015 309 1124 patefecit
423 1015 427 1026 '
1382 1048 1388 1062 ·

246 1149 387 1221 Veritus
407 1167 494 1246 ergo
508 1133 704 1239 liaraldus,
727 1171 774 1220 ne
789 1147 999 1244 injuriarum
1021 1141 1218 1232 tolerantia,
1245 1165 1331 1240 quea
1342 1137 1409 1214 ba·

113 1287 239 1344 etenos
255 1257 530 1368 consanguinee
546 1271 693 1343 caritatis
711 1269 887 1367 respectui
901 1261 1064 1354 dabatur,
1075 1263 1243 1363 deinceps
1258 1265 1293 1336 in
1306 1267 1417 1362 igna-

115 1395 182 1466 viae
200 1405 392 1464 verteretur
408 1391 647 1488 opprobrium
670 1407 715 1482 et,
731 1387 836 1489 quod
850 1385 1100 1462 moderationis
1112 1401 1223 1476 esset,
1243 1386 1329 1460 vitio
1344 1407 1423 1481 epm

113 1499 325 1611 plicamur,
347 1497 554 1612 Nomagie'ae
575 1515 625 1586 rei
647 1511 852 1585 turbatione
876 1515 1028 1610 primam
1054 1511 1222 1606 llaquino
1242 1508 1424 1605 jacturam'

86 1636 90 1644 '
115 1617 336 1707 inferendam
355 1639 549 1726 coustituit,
576 1633 774 1708 domesticis
790 1637 870 1732 ejus
886 1632 1022 1707 viribus
1043 1629 1242 1721 debellatis,
1259 1643 1420 1704 extenuas

115 1755 255 1830 facilius
277 1755 490 1830 obterendas
512 1757 721 1829 existimans.
787 1758 880 1828 Cum
903 1755 1024 1852 itaque
1047 1775 1105 1827 res
1130 1751 1304 1824 barbaras
1319 1754 1421 1852 regie

116 1877 324 1952 executione
355 1882 572 1969 tractasset2,
608 1880 645 1950 in
685 1879 836 1950 Daniam
868 1899 1033 1950 reversus
1075 1897 1228 1946 ooeursu
1262 1873 1423 1964 llaraldi,

115 1998 306 2074 Gunnildoe
319 1997 415 2092 fan2,
430 1998 601 2074 adversus
615 1999 769 2074 eandem
786 1991 990 2098 liaquinum
1005 1995 1132 2069 auxilia
1143 2001 1303 2092 petentis,
1315 2001 1421 2074 exei-

114 2126 224 2222 pitur,
238 2109 521 2222 pollicendoque,
537 2147 575 2196 se
591 2123 720 2196 tributa
739 2121 918 2212 datumm,
941 2127 970 2195 si
987 2124 1132 2194 Danioae
1148 2121 1228 2217 opis
1243 2117 1420 2193 benefitio

115 2243 271 2320 efficacia
285 2249 441 2342 partium
455 2269 602 2318 suarum
618 2241 825 2343 adjumenta
844 2247 1062 2342 sumpsisset.
1114 2243 1310 2314 ¹Enimvero
1332 2241 1421 2316 inter

115 2365 366 2440 acerbissimos
401 2391 522 2442 rerum
559 2389 662 2439 saeos
691 2363 993 2440 clementissimam
1034 2370 1129 2464 regis
1166 2361 1420 2439 humanitatem

115 2468 283 2589 euporius
298 2501 360 2562 est.
408 2485 593 2564 Hevindo³
614 2492 709 2560 euim
730 2501 838 2586 atque
858 2483 1096 2564 Karlboilbo⁴
1118 2509 1253 2587 pugnae
1269 2483 1420 2582 adjuto-

115 2769 175 2833 tria
189 2779 324 2854 arrepto,
345 2763 377 2827 in
398 2763 528 2850 patriam
548 2785 619 2830 mox
635 2761 740 2830 rediis-
798 2761 861 2828 956
880 2772 974 2852 usque
988 2763 1098 2832 astos
1113 2767 1420 2853 quainumaggres·

116 2895 168 2954 se,
194 2871 247 2938 sed
269 2873 312 2936 nil
338 2867 434 2934 affert
457 2869 494 2933 de
516 2871 622 2934 ultima
649 2869 741 2935 adet·
796 2869 963 2936 siluerint.
1012 2875 1090 2938 Saxo
1105 2872 1197 2937 modo
1210 2893 1304 2937 unam
1326 2875 1420 2936 talem

117 2982 199 3044 steai
219 2977 431 3044 admonitione.
465 2975 741 3062 Fortasseeaoogi-
798 2977 1021 3062 expeditionem
1036 2980 1189 3065 cognitam
1206 2979 1321 3044 babuit.
1344 2985 1421 3044 tto:

117 3097 185 3153 tata
200 3084 260 3150 fait
274 3085 342 3150 boo
354 3081 621 3150 monadem
632 3084 740 3149 ωἰηω
798 3083 925 3150 rodomo
949 3086 1165 3152 daemonioso
1183 3107 1329 3152 mutam
1349 3085 1421 3152 ride

117 3191 328 3278 regisjmenia
340 3191 514 3257 eomitatem
524 3189 742 3274 explicandam.
800 3188 832 3252 io
850 3190 930 3254 uotis
944 3191 1031 3258 uber.

167 3298 261 3362 ¹Com
277 3299 477 3360 retharium
491 3301 574 3381 regio
598 3302 741 3360 aesetm-
845 3296 1020 3378 ’Hevt'ado]
1042 3300 1197 3364 Soorrooe
1214 3309 1291 3364 teste
1311 3299 1370 3362 be.
1390 3321 1422 3390 p.

119 3427 156 3465 ne
170 3397 341 3481 tractasset]
360 3399 394 3464 ld
411 3411 467 3480 esi,
488 3419 557 3464 cum
578 3401 744 3487 expeditio·
803 3397 873 3482 155,
887 3401 943 3465 lilii
954 3403 1115 3466 Gunbildat
1131 3405 1163 3467 itt
1179 3407 1285 3469 ultime
1300 3403 1423 3492 expedi·

118 3527 193 3572 nem
211 3506 353 3570 adversas
372 3519 477 3590 gentes
493 3505 636 3571 barbaras
658 3528 743 3574 more
803 3507 887 3570 tione
900 3527 1002 3572 seeum
1017 3507 1198 3590 babuerunt,
1210 3523 1349 3576 strenuos
1366 3533 1422 3597 pu·

118 3617 292 3702 praeornat
303 3631 410 3696 rogam
427 3625 598 3700 susceptam
620 3612 660 3679 ad
683 3617 744 3680 esi·
802 3629 873 3696 guo
888 3611 1054 3695 adjutores,
1076 3613 1151 3678 daos
1171 3619 1345 3696 avoneulos,
1362 3621 1423 3702 Ey-

118 3733 188 3785 tom
199 3718 397 3805 perduxisset.
802 3715 928 3812 yindm
946 3721 1128 3804 cognomine
1147 3721 1259 3806 streys
1271 3737 1305 3788 et
1315 3722 1423 3788 Alban

100 3839 109 3851 “
165 3828 321 3889 'Oeearsa
337 3827 482 3898 Horoldt',
504 3825 743 3914 Gunntldoefiit't]
802 3821 1015 3888 dalimannum.
1061 3827 1216 3910 Eyvindos
1237 3843 1321 3896 oeno
1341 3830 1423 3896 iden

120 3929 247 3998 Prolixe
265 3943 298 3994 et
320 3943 462 3994 amatote
485 3945 608 3996 enarret
625 3936 742 3998 Snorm
802 3948 913 3992 nomen
925 3950 961 3994 aa
977 3932 1142 3998 Hesiodus.

119 4038 271 4102 &orimus
290 4035 322 4098 in
340 4034 466 4100 historia
487 4039 605 4120 Regum
627 4041 744 4102 Norae·
847 4037 1050 4118 ‘KadhostoJ
1072 4039 1177 4104 Editio
1201 4043 1344 4128 prinoeps
1371 4043 1424 4106 ba·

121 4145 260 4230 §eoram
283 4141 358 4222 (vol.
380 4145 394 4204 1
416 4165 446 4226 p.
471 4139 532 4206 134
551 4161 644 4228 sequ,
668 4147 746 4228 Sego
802 4138 856 4204 bet
867 4145 1049 4228 Karlitolsto,
1078 4167 1166 4229 quam
1187 4147 1349 4211 lectionem
1362 4167 1425 4214 aar·

121 4249 269 4312 Habonar
289 4247 375 4311 Gode
390 4269 455 4333 aap.
471 4247 520 4327 10,
541 4247 598 4328 att,
621 4247 742 4330 aaa),
802 4245 1017 4332 vesitqnoque
1034 4251 1224 4336 stephanius.
1265 4254 1325 4318 Sed
1343 4251 1425 4339 opud

123 4353 278 4442 quomodo
300 4353 355 4418 lilii
374 4353 535 4418 Gonbildae
548 4366 579 4418 et
594 4353 677 4418 Erioi
695 4373 747 4418 oo-
803 4354 952 4418 rhomam
963 4355 1177 4439 Gbeysmerom
1188 4358 1352 4444 (Scriptor.
1366 4379 1426 4424 rer.

123 4462 267 4546 gnomine
289 4457 425 4524 Blodiiae
445 4459 595 4546 iidemque
618 4473 746 4546 nepotes
804 4463 882 4522 Dan.
897 4458 1128 4546 voluptati)
1143 4466 1269 4549 legimus
1285 4469 1426 4553 Karllaj·
1551 4513 1553 4518 -

123 4567 252 4630 Harsldi
272 4569 496 4646 Palobrioomi,
520 4587 650 4649 quoram
666 4587 746 4650 pso-
805 4583 885 4639 taos,
922 4579 954 4630 et
980 4568 1057 4630 bauo
1084 4570 1245 4634 leotiooem
1276 4572 1425 4636 seriorem

124 4675 231 4758 eipuus
275 4687 339 4736 erat
375 4670 526 4735 Haraldus
564 4673 745 4757 cognomine
804 4689 869 4734 esse
901 4671 1055 4752 existimo3
1074 4697 1150 4738 nam
1173 4679 1358 4762 Karlholssas
1380 4691 1427 4743 est

125 4778 288 4858 Graeield‚
318 4777 561 4862 expeditionibus
580 4779 618 4843 sd
640 4778 745 4842 littore
805 4797 916 4842 nomen
941 4780 1033 4862 plane
1059 4779 1235 4846 inauditnm.
1289 4787 1427 4849 Karisto-

125 4885 286 4968 liorregiae
306 4883 444 4968 repetitis
467 4885 505 4949 ab
527 4905 606 4949 sano
626 4883 747 4948 droiter
792 4884 966 4968 sedentem
980 4887 1093 4971 sapius
1104 4887 1257 4970 invonitur
1272 4888 1304 4952 io
1319 4909 1426 4952 mona·
