3506 5458
417 327 492 400 aro
760 279 936 401 msron
951 329 1282 404 ommonem.

369 535 594 613 verecundiae
620 535 790 636 figmento
812 535 993 610 ionunam
1023 535 1267 640 propagandae
1294 539 1517 615 sumserunt
1539 539 1643 640 explo-

369 685 462 735 rans.
513 659 578 733 atii
597 683 688 747 eam,
717 675 757 732 ut
769 661 1001 757 temperantia
1019 685 1084 734 sua
1100 663 1167 736 tori
1184 663 1322 736 socium
1344 657 1583 735 Christianismi
1596 687 1644 735 sa·

371 791 440 859 cris
462 781 682 872 adscisceret,
697 777 866 856 maritalis
889 781 970 856 lecti
990 777 1182 859 blanditias
1206 783 1421 858 detrectasse
1447 785 1644 883 conjectant

373 906 517 994 Verum,
535 926 742 1004 quanquam
758 905 902 1002 juvenis
915 907 1028 978 amori
1043 909 1123 1007 ejus
1140 905 1413 1007 flagrantissimo
1428 908 1540 980 animo
1552 903 1644 978 inha-

372 1045 475 1122 reret,
500 1027 623 1102 alienae
640 1045 757 1101 tamen
773 1028 997 1101 continentice
1020 1035 1305 1128 quamproprias
1327 1027 1501 1128 voluptati
1522 1027 1643 1125 obsequi

373 1152 546 1252 praetulit,
568 1151 837 1249 speciosiusque
858 1153 1038 1224 nocturnis
1061 1149 1241 1227 motibus²
1267 1158 1444 1252 imperare
1476 1160 1573 1250 quam
1599 1147 1644 1220 lu-

371 1297 536 1374 crymosa
554 1277 677 1345 amicae
701 1287 781 1345 vota
796 1270 969 1371 repellere
990 1269 1180 1349 arbitratus
1203 1291 1274 1368 est,
1300 1275 1476 1373 profectas
1499 1271 1542 1346 ab
1559 1269 1644 1345 intlu-

374 1399 456 1469 stria
473 1419 600 1494 preces
618 1391 796 1492 pudicitiae
812 1399 1038 1493 propinquas
1056 1373 1271 1471 autumans.s
1307 1399 1522 1496 Evenitque,
1544 1411 1585 1486 ut,
1598 1394 1644 1491 qui

373 1519 488 1591 mariti
506 1533 622 1617 partes
637 1542 742 1616 agere
759 1516 942 1607 debuerat,
967 1518 1146 1616 pudicitiae
1164 1519 1349 1597 custodem
1366 1533 1553 1620 praestaret,
1573 1515 1643 1587 nain

376 1645 493 1738 capite
523 1641 750 1738 nuptiarum³
778 1655 954 1737 stuprosae
980 1645 1107 1718 mentis
1131 1661 1216 1718 nota
1237 1639 1453 1732 afficeretur,
1477 1643 1566 1740 quasi
1583 1635 1643 1736 plus

374 1759 529 1834 libidinis
543 1759 675 1834 vitibus
695 1785 804 1860 quam
822 1765 980 1861 propriae
996 1757 1198 1839 indulsisset
1212 1761 1444 1841 verecundiae.
1496 1759 1643 1846 Caeterum,

376 1909 422 1956 ne
439 1885 688 1957 inconcessum
715 1883 856 1982 ¹virginis
875 1907 1033 1958 amorem
1062 1885 1256 1962 libidinoso
1280 1882 1472 1983 complexu
1492 1883 1644 1984 preripere

376 1998 575 2096 videretur,
617 2007 731 2079 viciata
755 2001 864 2078 latera
899 2031 972 2081 nou
999 2007 1117 2083 solum
1142 2007 1282 2083 alterius
1306 2005 1546 2106 complexibus
1570 2003 1644 2092 aaut

377 2127 438 2201 sed
455 2130 557 2201 etiam
574 2123 729 2201 districto
757 2150 927 2202 mucrone
946 2133 1130 2225 secrevin,
1166 2148 1274 2232 atque
1298 2155 1341 2203 ex
1364 2127 1555 2203 cubiculari
1580 2123 1643 2196 lecto

377 2271 483 2322 suum
500 2274 541 2322 ac
560 2273 701 2350 sponsae
720 2248 905 2324 dividuum
924 2254 1195 2328 contubernium
1212 2251 1372 2327 reddidit.
1428 2250 1496 2324 Sed
1509 2245 1642 2343 volupta-

378 2387 471 2462 tem,
498 2397 606 2468 quam
626 2375 776 2471 gratuita
797 2372 1015 2449 humanitate
1038 2375 1192 2471 distulit,
1222 2403 1305 2450 mox
1319 2369 1403 2449 laeta
1420 2371 1541 2448 somnii
1559 2371 1643 2467 speeie

368 2493 556 2567 'delibavit
607 2497 762 2592 Quippe,
780 2495 931 2592 profuso
948 2499 983 2569 in
1002 2519 1169 2571 somnum
1181 2489 1337 2592 'animo‘⁵,
1353 2495 1564 2578 existimarit,
1578 2489 1641 2562 duas

378 2615 478 2690 alites
495 2618 659 2715 conjugis
677 2641 752 2689 suae
781 2618 922 2718 genitali
949 2635 1050 2718 parte
1071 2621 1281 2720 prolapsos,
1307 2618 1372 2694 sed
1398 2617 1541 2692 alterum
1563 2613 1641 2686 alten

379 2735 627 2836 grandiorem,
663 2763 816 2838 corpora
839 2739 994 2839 superine
1026 2741 1194 2816 librantes
1225 2743 1376 2842 praepeti
1406 2739 1535 2815 coelum
1555 2735 1640 2809 volatu

379 2877 517 2960 petere,
558 2866 760 2960 exiguoque
784 2843 945 2960 tempore
969 2864 1151 2963 interjecto
1174 2889 1338 2940 reversos
1373 2871 1449 2941 suis
1483 2863 1642 2936 altrinsecus

428 3113 514 3173 'Alia'
534 3133 597 3172 eum
617 3153 641 3171 ..
667 3111 813 3174 martiale&
836 3112 906 3171 lecti
922 3111 1004 3172 blan·
1109 3117 1169 3178 ³In
1185 3119 1281 3200 rapite
1297 3111 1483 3202 nuptiarum]
1506 3113 1584 3198 Caput
1601 3123 1641 3188 [πθ

381 3216 473 3276 ditias
488 3217 662 3277 detrectasse
674 3211 851 3297 conjectant]
860 3215 1003 3279 Ostendit
1062 3218 1215 3304 principio
1234 3217 1376 3306 frequens
1397 3233 1522 3284 estium
1544 3207 1642 3277 lnttffll

380 3317 447 3381 haec
484 3317 673 3397 observatio,
713 3319 815 3403 plures
857 3319 1003 3382 exstitisse
1062 3347 1152 3410 quam
1172 3325 1203 3386 in
1221 3323 1360 3411 profanis
1378 3327 1483 3392 literis.
1530 3327 1567 3384 lta
1581 3329 1642 3402 capti
1703 3313 1704 3320 ἵ

380 3437 470 3488 aetate
482 3423 618 3502 Saxonis,
640 3428 692 3509 qni
710 3423 868 3488 historiam
893 3423 1002 3506 Thyrae
1062 3457 1155 3496 coena
1171 3431 1309 3496 dixerunt
1322 3432 1449 3518 antiqui.
1470 3427 1517 3514 (s)

379 3532 429 3594 rel
460 3530 570 3592 litteris
596 3529 805 3594 mandaverint
835 3531 884 3594 rel
910 3527 1003 3592 tradi·

380 3637 464 3700 tione
478 3637 554 3699 orali
571 3635 787 3702 enarraverint.
841 3641 908 3721 lpsa
928 3657 1004 3758 con·
1061 3681 1208 3766 &gurdus
1226 3673 1643 3746 1,afnericid⁸hoepoep„,sff.

380 3741 496 3864 jectum
512 3765 619 3863 parum
634 3742 801 3863 probabilis
828 3754 858 3805 et
885 3761 920 3805 ex
935 3763 1002 3863 opt·
1061 3801 1112 3852 tur
1128 3787 1202 3868 (vid.
1219 3807 1339 3852 carmen
1358 3787 1507 3852 Eddicm
1521 3777 1642 3870 ψῃ,

380 3849 520 3910 monibus
542 3868 663 3910 seraons
688 3861 785 3910 utatis
804 3847 883 3911 haud
910 3846 1001 3910 dubie
1063 3893 1247 3958 Fasnisbm
1263 3899 1303 3957 ΠΙ
1315 3905 1369 3957 sm
1384 3892 1500 3976 mu).

381 3956 485 4040 petita.
525 3953 638 4017 Similia
650 3965 812 4016 narrantur
823 3953 861 4016 ab
879 3953 1003 4017 lalandis

382 4061 419 4121 tle
435 4062 576 4142 Aslauga,
595 4078 659 4122 eam
686 4061 800 4122 scilicet
825 4057 920 4120 tribus
943 4058 1006 4142 pri·
1109 4065 1267 4149 ‘Prosuso
1291 4067 1319 4125 r'n
1344 4087 1473 4125 somnum
1499 4051 1591 4134 auara]
1607 4053 1642 4112 sa·
1702 4037 1703 4100 l

382 4168 438 4228 mis
483 4164 656 4250 nuptiarum
699 4163 841 4227 noctibus
874 4164 1005 4226 noluisse
1063 4168 1102 4232 tis
1146 4181 1252 4230 notum
1292 4179 1353 4246 est,
1389 4179 1504 4230 veteres
1535 4155 1642 4226 Boraalct

382 4295 450 4336 cnm
472 4276 613 4356 Regnat-o
638 4269 856 4347 concumbere,
890 4290 928 4330 ne
951 4269 1005 4331 ali·
1063 4277 1188 4360 auguria
1216 4294 1252 4338 ex
1283 4274 1404 4336 somniis
1434 4271 1556 4358 cepisse,
1581 4261 1641 4342 eujus

382 4377 456 4464 quid
470 4377 643 4440 detrimenti
652 4376 811 4462 indeproli
824 4373 934 4438 suturae
943 4375 1003 4437 ori·
1062 4380 1286 4466 superstitionis
1299 4379 1393 4440 multa
1415 4375 1543 4460 exempla
1563 4365 1641 4454 passim

381 4497 476 4548 retur.
501 4481 592 4568 (Saga
612 4485 748 4568 Regnars
769 4504 834 4566 cap.
850 4477 881 4560 5,
906 4485 932 4546 F
934 4503 1006 4544 orn·
1065 4498 1183 4550 exstant
1205 4485 1236 4548 in
1254 4483 1374 4569 seriptis
1393 4479 1568 4546 lalandornm
1580 4469 1609 4540 lt·
1624 4485 1641 4524 ⁰·

383 4589 443 4652 ald.
458 4591 556 4674 Sigur
568 4589 629 4651 rol.
644 4591 658 4649 l
672 4611 703 4672 p.
715 4585 801 4658 250.)
1063 4593 1143 4656 Hiat.
1164 4613 1228 4676 reg.
1252 4593 1384 4676 Norreg.
1401 4588 1462 4653 vol.
1481 4590 1494 4648 1
1513 4605 1541 4668 p.
1554 4577 1594 4653 ll,
1607 4567 1641 4644 lb

428 4689 748 4774 ²Nocturnt'smott'bus]
765 4697 933 4758 Nocturnus
946 4719 1006 4757 mo·
1064 4699 1142 4782 Saga
1159 4693 1194 4760 ai
1205 4696 1346 4782 Gunlaug
1365 4697 1544 4774 Ormstungu
1560 4705 1586 4769 P·
1601 4673 1641 4748 393

384 4819 432 4862 tus
445 4797 520 4861 dixit
534 4819 592 4882 pru
613 4797 741 4864 Veneris
757 4801 900 4864 exercitio
917 4813 948 4864 et
969 4801 1005 4863 li·
1062 4801 1122 4866 vid.
1140 4803 1224 4868 Erici
1241 4799 1388 4868 observat.
1409 4799 1447 4864 ad
1464 4791 1586 4878 antiquit·
1604 4783 1641 4844 St

385 4903 496 4966 bidiuis
509 4913 665 4964 nocturnae
678 4905 869 4968 commercio.
882 4905 934 4985 (S)
1061 4921 1176 4996 ptentr.
1195 4909 1323 4974 Havniae
1339 4905 1438 4989 1769).

1106 3581 1271 3640 ‘Dr'stricto
1299 3601 1436 3640 ennecone
1461 3569 1581 3651 secreuit]
1597 3569 1642 3632 Jtffl
