3506 5458
408 317 482 388 506
757 319 932 388 fflsTott.
957 319 1061 388 DAN.
1080 317 1218 388 LIBER
1237 317 1281 387 X.

355 549 443 612 saut,
468 527 592 624 inquit,
617 529 683 602 abs
709 543 743 600 te
758 528 973 625 Norvagiam
994 541 1093 624 p'uta.
1153 529 1239 604 Plus
1254 521 1412 626 natuque
1425 530 1504 626 opis
1516 532 1551 600 iu
1567 555 1636 604 arcu
1669 501 1674 510 Ι

354 673 466 746 quum
490 651 646 722 exercitu
669 650 863 747 repositum
877 648 1072 748 judicabat,
1096 651 1257 725 futurum
1281 677 1414 751 pugnae
1429 653 1552 724 exitum
1564 653 1636 726 abs-

353 775 427 846 cisa
450 775 613 869 responsi
636 775 827 870 sagacitate
847 771 1068 869 complexus.
1129 778 1203 846 Nec
1227 799 1353 863 secus,
1392 799 1501 872 quam
1522 773 1635 872 pred»

355 913 463 982 xerat,
486 893 619 968 accidit.
682 899 822 968 Fractio
840 919 998 992 namque
1023 921 1126 970 arcus
1151 899 1348 972 insecutam
1374 899 1635 994 Norragiensium

354 1015 493 1092 cladem
513 1020 668 1092 ominata
687 1034 749 1092 est.
810 1023 855 1092 Ut
870 1035 990 1091 autem
1009 1017 1145 1093 olavus
1159 1018 1318 1094 hostium
1335 1043 1464 1092 manus
1476 1019 1635 1092 arbitrario

353 1142 428 1212 isto
453 1157 686 1238 praecurreret
710 1156 934 1238 mortemque
948 1141 1017 1212 sibi
1030 1143 1108 1238 ipse
1125 1147 1373 1228 conscisceret,
1396 1143 1502 1214 annis
1515 1157 1636 1213 onustus

354 1265 524 1362 praecipiti
540 1265 634 1336 saltu
652 1262 875 1361 profundum
899 1265 1008 1360 petiit,
1035 1281 1209 1362 tanquam
1229 1267 1298 1339 rita
1321 1263 1471 1336 feliciter
1491 1287 1634 1336 excessu·

353 1413 428 1478 rus,
452 1389 578 1459 sinon
602 1385 768 1458 aviditate
793 1385 883 1459 lucis
907 1388 1078 1458 victorem
1102 1392 1227 1460 intueri
1247 1403 1445 1486 cogeretur.
1500 1389 1635 1482 Cumque

353 1515 471 1584 Sveno
493 1509 649 1582 bostium
669 1511 761 1582 vires
783 1507 818 1580 iu
835 1533 938 1580 suum
961 1509 1122 1584 reductus
1145 1525 1358 1608 potestatem
1376 1508 1536 1599 vidisset,
1562 1533 1636 1605 quus
1662 1594 1666 1602 Ι

354 1637 460 1705 armis
475 1631 521 1704 ad
542 1632 665 1728 fugam
682 1631 920 1720 inclinaverat,
946 1635 1105 1706 oratione
1125 1633 1171 1705 ud
1195 1633 1413 1729 obsequium
1434 1631 1564 1704 flectere
1581 1655 1634 1700 cu-

352 1759 466 1855 piens,
481 1757 653 1852 insignem
671 1757 720 1825 rei
740 1753 877 1825 bellicae
895 1779 1100 1828 successum
1119 1752 1164 1824 ad
1184 1752 1371 1828 blanditias
1389 1755 1572 1844 transtulit,
1592 1759 1635 1824 ri·

351 1899 502 1978 olorque
527 1903 609 1950 cum
632 1877 732 1948 victis
753 1879 883 1972 pacisci
907 1876 1071 1949 deforme
1089 1901 1161 1946 non
1182 1875 1291 1948 duxit.
1358 1881 1432 1948 Nec
1454 1878 1634 1974 Norvagian

351 2004 419 2078 sibi
436 2001 633 2098 subjecisse
650 2013 849 2090 contentus,
866 2001 971 2098 petita
986 1999 1120 2098 Anglia,
1139 2013 1281 2095 pactum
1296 2025 1380 2072 cum
1390 1999 1569 2072 Adelstano
1580 1997 1634 2068 ba-

351 2125 466 2212 buit¹,
479 2139 530 2213 ut,
547 2147 592 2192 eo
607 2119 814 2212 decedente,
828 2126 923 2221 regis
938 2123 1043 2196 bunis
1058 2147 1100 2194 ac
1114 2124 1258 2193 nomine
1274 2121 1461 2196 frueretur.

481 2243 611 2317 lisdem
636 2245 870 2342 temporibus,
887 2247 1052 2344 Poppoui
1083 2243 1363 2334 Rimbrundus2,
1385 2249 1534 2318 ilenrico
1554 2247 1632 2315 llar-

350 2374 436 2444 cus³
465 2365 632 2465 pontificii
657 2366 830 2464 religione
855 2373 1043 2459 successit;
1066 2393 1134 2466 pro
1158 2368 1320 2469 Lefdago
1355 2369 1563 2442 Fulbertus⁴
1585 2391 1631 2438 sa-

349 2492 509 2570 cerdotio
523 2487 641 2582 lulsit;
666 2505 874 2587 postquem
895 2492 1108 2565 Othincarus
1127 2491 1278 2582 Albus⁵,
1299 2491 1577 2591 splendidissimo
1587 2489 1629 2559 lu-

400 2779 408 2810 ¹
422 2776 522 2833 Petita
538 2773 663 2852 Augila,
671 2787 792 2856 pactum
811 2795 874 2831 curu
885 2773 974 2832 Adel·
1032 2770 1098 2832 haec
1113 2769 1248 2833 l'aciuora
1261 2771 1341 2834 inter
1356 2777 1477 2835 exteros
1488 2769 1560 2834 edita
1572 2763 1629 2828 baud

347 2899 433 2942 steno
451 2873 565 2956 lrabut't]
588 2881 664 2937 Tum
680 2875 782 2959 paucis
805 2875 903 2937 verbis
925 2875 975 2938 ils·
1032 2876 1144 2961 attigit.

346 3005 406 3070 que
422 3003 561 3049 errorum
576 2980 675 3066 plenis
695 2985 806 3044 Noster
823 2982 923 3044 omnia
939 3003 975 3046 ea
1078 2987 1253 3070 ξΡομμιηιί
1293 2981 1501 3060 Ιίὺηῦναηᾰω]
1539 2983 1630 3041 Nomen

346 3093 500 3176 amplexus
523 3101 585 3166 est,
606 3107 675 3172 quae
697 3087 806 3172 viginti
824 3109 975 3150 annorum
1033 3087 1221 3150 Reimbrand
1237 3087 1370 3149 occurrit
1391 3087 1474 3150 inter
1492 3085 1629 3168 episcopos.

346 3199 445 3283 spatio
462 3197 563 3258 Sveno
583 3213 635 3255 rex
650 3193 681 3254 iu
699 3193 809 3277 Anglin
831 3206 861 3255 et
886 3193 975 3255 sorti·
1033 3218 1110 3280 quos
1125 3195 1257 3258 Adamas
1269 3194 1384 3278 primos
1406 3193 1440 3256 iu
1460 3193 1548 3257 Dacia
1563 3187 1629 3251 nullis

346 3321 393 3369 ter
407 3317 438 3366 ct
454 3302 600 3366 ferociter
612 3299 740 3386 peregit
770 3301 875 3383 Neque
892 3299 973 3361 enirn
1032 3301 1133 3364 adhue
1147 3299 1237 3363 certis
1258 3297 1380 3362 sedibus
1395 3299 1547 3363 ordinatos
1561 3297 1629 3359 tutu

344 3409 536 3487 Adsistenus,
548 3405 601 3469 sed
616 3402 798 3468 Ethelredus
813 3404 974 3488 imperium
1029 3407 1138 3471 scribit
1153 3407 1237 3486 (hist.
1259 3407 1365 3468 eccles.
1384 3405 1478 3468 libii
1494 3429 1522 3490 p.
1536 3399 1588 3480 lb)

344 3513 466 3599 Attgllae
481 3535 514 3578 ea
530 3527 619 3580 aetttte
637 3513 746 3576 lenuit.
788 3515 894 3595 Neque
917 3513 970 3574 ille
1076 3512 1364 3591 ³Herrrr'coMureus]
1374 3509 1557 3574 Haudduble
1569 3505 1628 3569 idem

342 3643 414 3685 sane
429 3643 556 3706 regnum
575 3618 709 3683 Svenoni
724 3631 906 3682 testamento
928 3621 971 3681 le·
1030 3634 1122 3706 utque
1136 3621 1189 3682 ille
1204 3617 1318 3696 Merha,
1333 3639 1425 3704 quem
1439 3617 1563 3682 Adamus
1574 3622 1627 3697 post

342 3734 436 3815 gavit.
477 3725 538 3792 sed
560 3731 661 3791 Sreuo
678 3723 715 3788 ab
730 3747 809 3787 anno
826 3723 896 3786 inde
909 3719 972 3786 994
1029 3726 1145 3814 primos
1165 3729 1325 3810 episcopos
1338 3723 1408 3786 huic
1434 3723 1545 3789 muneri
1555 3715 1627 3784 suile

342 3837 501 3900 continues
529 3833 735 3917 expeditiones
764 3832 797 3892 in
831 3833 971 3914 Anglianr
1031 3846 1115 3898 ctum
1131 3833 1220 3896 fuisse
1235 3832 1352 3895 scribit.
1373 3833 1476 3913 (ibid.)

341 3953 525 4026 susceperat,
546 3937 700 4002 interdurn
725 3937 838 4014 victus,
860 3938 971 4022 saepius
1077 3943 1234 4026 *Lesdago
1254 3939 1422 4020 Fuibertus]
1440 3942 1578 4002 Fulhertus
1597 3927 1626 3986 ti·

341 4051 459 4128 vietor,
493 4066 693 4132 magnamque
731 4055 821 4107 terrae
851 4058 970 4130 partem
1030 4045 1121 4109 detur
1135 4046 1214 4109 idem
1229 4066 1416 4110 essenomen
1432 4038 1627 4110 achliireclo

340 4156 521 4242 subegerat,
562 4175 631 4216 cum
665 4153 729 4240 ipse
771 4151 864 4214 morti
904 4172 971 4214 suc·
1029 4151 1157 4236 dequo
1190 4149 1323 4215 Adamus
1347 4154 1452 4218 eadem
1471 4146 1580 4234 scripsit
1599 4161 1625 4203 ⁸⁰

340 4263 447 4326 cubuit
477 4283 556 4325 anno
591 4249 679 4324 1014.
760 4259 881 4324 Bellum
904 4261 967 4322 An·
1030 4259 1068 4322 de
1084 4259 1198 4322 Mcrbs.
1217 4258 1319 4340 (ibid.)

340 4370 455 4454 glicum
480 4381 510 4430 et
533 4367 734 4430 Ethelredum
752 4366 863 4451 saepius
884 4363 982 4427 derb·
1075 4367 1278 4430 ⁵Othinccrus
1291 4367 1397 4450 Albus]
1412 4373 1459 4433 De
1480 4385 1515 4428 eo
1527 4361 1583 4423 bec
1595 4355 1625 4413 lt·

339 4472 969 4550 crameriamndamusB1·emensts(l.c.
1028 4483 1142 4556 guntur
1169 4473 1247 4558 apud
1277 4471 1427 4538 Adamurn
1456 4473 1522 4534 bist.
1541 4463 1623 4527 eccles·

340 4583 392 4644 lib.
419 4587 444 4644 ll
473 4601 540 4666 cap.
565 4577 621 4660 36)
650 4593 681 4644 el
714 4593 805 4644 autor
830 4580 967 4644 histott'ae
1026 4577 1079 4640 llb.
1095 4581 1120 4641 ll
1141 4599 1207 4662 cap.
1229 4575 1281 4640 ¹10:
1313 4581 1491 4642 odinkarum
1510 4575 1622 4636 senrbretn
1704 4645 1705 4660 χ

338 4689 572 4774 llnylllngorum
586 4687 667 4772 (usp.
688 4681 722 4764 6)
735 4685 869 4750 brevitet·
883 4705 966 4748 com·
1016 4685 1140 4768 serunt,
1159 4686 1195 4746 ab
1216 4687 1371 4769 Adeldago
1386 4691 1416 4747 in
1440 4683 1577 4746 Suetonium
1587 4693 1622 4731 θ’·

257 4817 267 4834 “
338 4806 516 4858 memorant.
565 4798 644 4858 Saxo
661 4794 838 4876 autumpni
854 4813 888 4854 ex
907 4806 967 4855 tra·
1024 4792 1169 4859 deiectum,
1192 4807 1308 4852 strenue
1331 4797 1361 4852 in
1381 4793 1509 4874 gentibus
1523 4783 1621 4868 legatie

339 4898 455 4962 ditione
469 4899 547 4962 orell
557 4911 639 4962 totus
647 4900 824 4982 pependllso
836 4899 966 4978 videtur,
1025 4921 1086 4958 rtem
1103 4921 1185 4960 suant
1200 4901 1367 4982 t'tnplevisse.
1407 4899 1479 4958 Erue
1491 4893 1568 4957 κὰπ,
1579 4907 1619 4944 Μ·
