3442 5456
377 297 451 368 276
716 297 891 369 Biston.
909 299 1019 370 DAN.⁴
1032 299 1169 374 LIBER
1190 298 1246 370 Vl.

458 503 619 580 Tradunt
644 521 789 600 veteres,
812 507 1111 598 Stareatberum¹,
1138 509 1251 606 eujus
1279 529 1390 604 supra
1419 515 1582 602 memini,
1601 515 1631 582 iu

328 633 475 722 Wieari,
497 629 789 727 Norvagiensium
812 635 925 729 regia,
958 627 1091 730 jugulo
1129 628 1283 704 deorum
1303 628 1420 704 favori
1442 631 1631 704 facinorum

325 777 473 828 suornm
495 752 669 850 principia
689 750 891 846 dedicasse;
912 755 1018 852 eujus
1034 759 1085 825 rei
1110 769 1213 826 tenor
1240 751 1301 826 tali
1321 752 1554 851 quorundam
1574 779 1631 828 aa·

325 880 478 950 terdone
490 875 695 946 contexitur.
756 874 890 948 Voleus
913 873 1100 974 quondam
1124 873 1276 964 Oth'mus
1297 880 1481 950 Wiearuru
1502 875 1631 950 sonato

324 998 466 1072 interire
479 995 670 1095 supplicio,
693 995 820 1073 eumid
841 1013 965 1096 operte
987 1003 1114 1095 exequi
1129 996 1250 1090 nollet,
1264 997 1542 1092 Stareatlterum,
1556 1004 1629 1071 iou*

324 1124 426 1194 aitata
441 1122 542 1216 prius
553 1116 754 1216 granditate
775 1121 1020 1218 conspicuum,
1042 1143 1117 1194 non
1141 1119 1262 1194 solum
1288 1123 1396 1195 animi
1419 1119 1630 1210 fortitudine,

323 1239 389 1318 eod
402 1245 509 1314 etiam
522 1239 797 1318 condendorum
808 1243 1016 1316 'carminum
1029 1243 1157 1340 peritia
1180 1240 1389 1334 illustravit,
1411 1269 1490 1342 quo
1510 1271 1631 1344 prom·-

200 1465 206 1472 ‚
324 1369 439 1463 ptiore
456 1364 535 1462 ejua
558 1388 670 1461 opera
686 1365 734 1438 ad
758 1363 1004 1462 peragendum
1022 1370 1118 1464 regis
1141 1365 1285 1438 exitium
1308 1382 1475 1440 uteretur.
1544 1371 1635 1440 Hanc

324 1489 464 1587 quippe
489 1510 571 1557 eum
596 1483 787 1585 dignationi
813 1509 889 1559 snae
905 1489 1054 1586 gratiam
1070 1486 1267 1564 relaturum
1282 1489 1463 1586 sperabat
1528 1494 1632 1585 Quem

324 1612 430 1682 etiam
451 1607 502 1680 ob
525 1605 596 1680 boc
620 1611 727 1682 ternio
750 1611 861 1682 aetatis
883 1608 1050 1684 humanm
1068 1608 1256 1684 curriculis
1284 1607 1443 1702 donavit,
1466 1627 1507 1686 u't
1530 1615 1565 1684 in
1588 1612 1634 1683 bis
1698 1597 1699 1604 ἵ

324 1729 473 1808 totidem
489 1730 744 1804 execrabilium
759 1755 912 1830 operum
926 1749 1053 1807 auctor
1068 1730 1246 1806 evaderet.
1312 1730 1415 1806 Adeo
1439 1733 1490 1806 illi
1508 1759 1633 1808 conse-

326 1867 459 1953 quente
479 1851 613 1950 flagitio
635 1853 713 1927 vitae
739 1870 903 1952 tempora
924 1853 1156 1955 proroganda
1181 1855 1368 1926 constituit.
1458 1859 1529 1950 Qui
1561 1881 1633 1928 mor
1698 1943 1699 1960 χ

325 1979 509 2050 Wioarum
526 1972 651 2046 adiens
677 1977 788 2073 inque
804 1979 885 2075 ejus
910 1976 1133 2076 aliquamdiu
1156 1976 1396 2050 contubernio
1422 1978 1632 2083 deversatus,
1698 1963 1699 2050 l

326 2097 468 2172 insidiae
483 2095 659 2196 obsequio
674 2103 764 2172 texit
815 2098 977 2172 Tandem
996 2077 1186 2200 piraticum
1206 2124 1290 2178 cum
1309 2125 1355 2190 eo
1368 2124 1462 2200 opus
1480 2099 1633 2200 ingredi·
1698 2079 1699 2082 Ἴ

324 2240 395 2296 tur.
420 2273 426 2286 -
446 2223 613 2318 Cumque
628 2218 788 2317 quodam
805 2226 841 2294 in
855 2221 1090 2297 locodtutina
1107 2238 1355 2320 tempestatum
1379 2225 1512 2296 surina
1529 2246 1631 2296 vexa-
1698 2211 1699 2296 l

325 2359 467 2433 rentur,
500 2345 548 2414 ita
577 2345 689 2416 ventis
715 2347 976 2444 navigationem
995 2345 1260 2438 frustrantibus,
1285 2363 1328 2419 nt
1361 2347 1538 2443 majorem
1560 2343 1632 2416 anni

324 2481 461 2564 partem
478 2467 587 2564 quieti
608 2464 813 2560 tribuerent,
832 2466 920 2544 deos
935 2467 1095 2542 humano
1111 2473 1286 2568 sauguine
1299 2465 1549 2566 propitiandos
1563 2464 1632 2537 du·
1698 2449 1699 2540 l

327 2603 463 2662 xerunt.
523 2589 648 2684 ltaque
673 2592 841 2688 conjectis
855 2596 900 2683 ¹iu
915 2615 1044 2664 urnam
1078 2588 1256 2683 sortibus,
1279 2592 1395 2690 ungite
1420 2593 1520 2662 neeis
1536 2593 1630 2662 vieti-
1698 2595 1699 2664 l

326 2735 423 2784 mam
440 2705 588 2808 depooei
609 2716 763 2811 contigit.
820 2713 922 2784 Tune
935 2710 1181 2787 Stareatherus
1205 2711 1300 2788 facto
1315 2738 1359 2786 ex
1370 2709 1561 2788 viminibus
1576 2709 1630 2782 la-

326 2955 541 3031 mnationem,
561 2957 594 3018 in
611 2977 671 3041 qua
684 2957 872 3020 interventus
887 2955 954 3040 qni-
1010 2956 1143 3044 planetis
1169 2956 1234 3022 aire
1257 2979 1275 3018 a
1298 2954 1357 3020 diis
1375 2954 1452 3020 olim
1475 2953 1565 3020 iriam
1587 2954 1632 3016 de·

327 3062 397 3134 dam
431 3061 558 3126 deorum
584 3085 643 3148 qna
674 3064 781 3126 talium
809 3063 953 3125 occurrit.
1010 3066 1194 3143 nominatae,
1217 3064 1328 3128 litterae
1345 3065 1492 3124 Romanae
1520 3060 1632 3126 abunde

328 3169 705 3253 liiuoigiturocensionem
722 3169 950 3252 capitquaedam
1011 3167 1190 3233 docuerunt.
1217 3171 1287 3244 ,Ne
1307 3188 1380 3230 tero
1401 3169 1469 3254 quis
1491 3167 1632 3230 existima·

328 3273 494 3338 disserendi
516 3273 554 3336 de
574 3272 681 3351 idolis,
709 3295 778 3357 quae
808 3287 949 3338 venerata
1009 3290 1068 3354 ret,
1085 3279 1167 3340 Deos
1184 3274 1321 3338 borealea
1349 3271 1573 3358 planeeosdem
1588 3271 1630 3333 su·
1698 3251 1699 3264 ἵ

327 3393 372 3445 eat
385 3379 548 3472 antiquitas
568 3363 709 3441 borealis.
756 3381 832 3442 Haeo
850 3392 952 3442 autem
1009 3383 1066 3444 isse
1082 3401 1117 3445 ae
1131 3385 1213 3444 Deos
1229 3381 1408 3443 Graecorum
1418 3381 1629 3440 Romanorum·

325 3485 408 3548 idola
427 3488 506 3550 Saxo
527 3484 703 3562 annaliter,
721 3495 862 3570 utsupra
886 3507 952 3548 mo·
1010 3507 1079 3572 que,
1100 3500 1206 3550 noster
1223 3485 1292 3569 jure
1312 3482 1543 3560 tenebretur,
1562 3481 1629 3546 Odi·
1698 3497 1699 3536 t

326 3591 463 3662 animoa,
496 3589 554 3652 aibi
574 3589 689 3674 lingere
711 3591 830 3674 potuit,
860 3615 949 3677 qoam
1006 3615 1079 3654 num
1098 3604 1242 3676 tanquam
1259 3602 1377 3675 patrem
1396 3589 1495 3652 'l‘bori
1509 3588 1629 3651 nitelo-

327 3710 367 3758 ot·
381 3695 518 3758 beminen
541 3697 666 3780 magieis
687 3696 804 3760 artibus
831 3699 952 3782 pollen·
1005 3698 1060 3764 rit,
1074 3695 1227 3766 diter-anm
1249 3715 1353 3758 osaea
1383 3695 1547 3773 Heroni-io,
1573 3695 1628 3756 lilio

325 3815 388 3879 tea,
409 3800 680 3866 telaeivibuarel
713 3824 730 3863 a
760 3803 952 3886 portariam
1007 3803 1103 3868 dotia.
1144 3805 1238 3866 Plura
1258 3800 1296 3865 do
1314 3801 1524 3887 appellatione
1549 3799 1626 3864 setia-

326 3925 484 3970 numeram
498 3909 635 3968 Deorum
648 3907 770 3970 relatos'.
808 3913 877 3972 Hoo
896 3909 953 3972 ita·
1009 3931 1078 3974 rum
1096 3909 1198 3973 vidia
1214 3921 1276 3972 not.
1292 3903 1377 3972 uber.

326 4033 386 4099 que
401 4011 438 4074 de
452 4023 560 4074 natura
580 4016 714 4075 Deorum
735 4013 885 4078 monuisse
905 4037 952 4078 aa·

326 4119 366 4182 tia
380 4117 496 4182 babuit·
536 4117 597 4182 Sed
612 4137 681 4180 eum
703 4131 790 4181 antea
807 4117 899 4182 modo
914 4119 953 4183 de
1057 4121 1226 4182 ¹Trodont
1259 4137 1369 4184 ueteres
1400 4111 1621 4192 scortatorum]

270 4205 282 4220 ⁶
328 4225 394 4288 ierit
409 4224 466 4292 din
480 4239 623 4310 tanquam
637 4223 878 4288 incantatoribus
905 4223 953 4286 lu·
1009 4225 1087 4321 Quae
1108 4224 1253 4289 bieSaxo
1279 4224 1436 4310 deprimo
1451 4219 1622 4288 Sternatlteri

326 4334 399 4396 itaet
428 4335 565 4409 teuto,
595 4341 831 4394 contentanenm
856 4349 952 4414 porro
1009 4327 1147 4392 laeinme
1162 4351 1199 4392 ex
1215 4330 1381 4394 traditione
1394 4329 1494 4394 refert
1513 4339 1622 4400 totana

326 4449 409 4515 erat,
423 4435 565 4524 quadam
579 4457 662 4500 nuno
683 4433 799 4498 afferre
817 4434 855 4498 de
871 4435 956 4498 eultu
1008 4433 1087 4497 bene
1109 4437 1288 4520 conspirant
1310 4457 1378 4500 com
1404 4435 1569 4521 prolixiore
1591 4427 1622 4490 de

327 4559 433 4605 eornm
455 4544 488 4604 iu
510 4547 602 4606 tertia
623 4539 795 4606 borealibus
816 4551 952 4625 recepto,
1008 4537 1113 4603 eadem
1122 4559 1156 4602 re
1170 4544 1354 4620 narratione,
1366 4561 1436 4628 que
1450 4539 1483 4603 in
1496 4534 1621 4604 initiabi-

327 4648 413 4730 oujna
433 4647 589 4732 religionis
609 4649 762 4712 luculenta
784 4644 954 4710 unimoda
1009 4646 1114 4708 ateriae
1133 4647 1273 4710 Gdtbriei
1293 4651 1374 4734 regia
1392 4647 1514 4732 legitor,
1537 4649 1619 4708 Forn-
1698 4629 1699 4708 l

327 4753 467 4837 inprimit
483 4752 711 4840 deprehendere
730 4753 790 4818 tibi
810 4755 888 4816 titur
905 4764 951 4816 eat
1008 4751 1186 4836 aldaradgur
1215 4753 1407 4817 Nordrlaoda
1442 4754 1502 4816 rol.
1535 4753 1570 4812 ill
1595 4767 1619 4826 p·

327 4857 359 4916 in
375 4855 547 4920 nominibus
567 4857 727 4936 seriarum,
751 4881 825 4944 quaa
846 4859 947 4920 siren
1010 4855 1112 4920 1537.
1155 4857 1225 4924 Vitl.
1248 4873 1310 4921 not.
1328 4859 1411 4922 uber.
1698 4921 1699 4998 1
