3520 5462
359 316 429 390 118
691 312 865 383 HISTOR.
887 312 991 383 DAN.
1009 311 1148 382 LIBER
1166 313 1220 383 111.

307 521 428 600 studio
454 519 769 622 praeponderante,
800 543 927 595 manus
956 519 1071 595 classe
1108 545 1190 594 cum
1223 518 1378 596 Baldero
1400 525 1609 596 conseritur.

309 643 523 720 Hominibus
543 644 736 719 adversum
768 640 858 716 deos
879 659 1053 716 certatum
1082 641 1257 718 crederes
1338 645 1428 714 Nam
1456 641 1613 717 Baldern

310 765 461 842 Othinus
474 787 518 840 ac
538 766 660 840 Thero
681 789 858 864 moraque
883 764 994 838 deum
1020 772 1161 865 agmina
1187 765 1480 865 propugnabant.
1539 767 1612 838 Dt-

311 891 401 962 rinis
419 888 657 988 humanisque
673 885 811 962 viribus
833 889 1049 986 permixtum
1068 893 1247 986 aspiceres
1265 885 1413 962 bollum.
1473 892 1518 961 At
1531 890 1613 962 Ild-

311 1009 446 1103 tberus,
460 1017 579 1086 tunica
595 1011 729 1084 sarum
753 1025 944 1108 spernente
972 1014 1192 1100 succinctus,
1214 1010 1495 1099 confertissimos
1516 1007 1629 1096 deo-¹

311 1159 392 1208 rum
407 1157 540 1208 cuneos
556 1115 778 1230 irrumpebat
792 1149 838 1220 et,
861 1147 1036 1232 maantam
1045 1148 1206 1207 terrenus
1228 1137 1265 1204 in
1285 1155 1442 1230 superna
1462 1148 1615 1231 poterat,

311 1255 551 1356 grassabatur.
600 1253 670 1327 Sed
692 1269 728 1326 et
743 1251 867 1327 Thoan
882 1255 1048 1328 inusitato
1073 1251 1185 1328 clarae
1207 1254 1359 1333 libratu¹
1379 1270 1507 1328 cuncta
1530 1251 1615 1352 oly-

312 1401 464 1476 peorum
489 1375 675 1452 obstando
697 1374 896 1468 lacerabat,
929 1391 1067 1450 tantum
1096 1374 1143 1448 al
1165 1403 1204 1452 se
1226 1373 1477 1451 incessendum
1493 1374 1616 1476 besses

313 1502 483 1592 invitans,
506 1514 683 1599 quantum
704 1502 822 1571 socios
843 1497 891 1570 ad
912 1497 1096 1572 tuendum.
1164 1498 1310 1573 Nrdlum
1333 1514 1410 1572 erat
1426 1513 1616 1572 sanatura

222 1703 228 1720 .
313 1643 439 1720 genus,
463 1621 565 1721 quod
577 1619 772 1722 impellenti
789 1644 864 1692 non
877 1617 1031 1694 cederet.
1090 1621 1203 1694 Nemo
1217 1611 1401 1696 ferinum
1418 1635 1496 1693 tuto
1513 1624 1615 1693 exci-

315 1764 403 1842 pere
416 1759 566 1842 poterat
624 1741 806 1844 Quicquid
820 1747 894 1816 ictu
908 1741 1065 1835 arcebat,
1088 1743 1219 1817 obruit
1277 1747 1356 1816 Non
1378 1742 1510 1841 clypei,
1541 1767 1616 1816 non

310 1865 472 1940 cassides
494 1872 690 1966 impactum
712 1864 893 1966 pertulere
913 1865 1038 1938 robur.
1096 1863 1190 1938 Nulli
1217 1868 1380 1964 corporis
1397 1881 1462 1938 aut
1486 1867 1616 1940 virium

316 1987 526 2086 magnitudo
549 1987 710 2063 subsidio
733 1987 810 2060 fuit
866 1985 1020 2060 Proinde
1041 1989 1189 2062 victoria
1218 1989 1265 2062 ad
1285 2013 1440 2087 superos
1461 2011 1618 2062 conoes-

317 2112 429 2200 sisset,
446 2117 482 2182 ni
498 2109 695 2203 Hbtherus,
709 2109 873 2220 inclinata
889 2133 1037 2185 suorum
1062 2117 1138 2184 acie
1159 2109 1310 2185 celerius
1330 2108 1517 2200 advolans,
1536 2107 1620 2182 ola·
1754 2163 1755 2196 ,

317 2257 400 2305 vam
419 2239 572 2331 praeeiso
593 2231 784 2307 manubrio
805 2230 964 2306 inutilem
978 2231 1224 2307 reddidisset2.
1283 2237 1366 2327 Quo
1388 2229 1462 2316 telo
1487 2229 1620 2306 defecti
1754 2283 1755 2332 ,

316 2351 390 2426 divi
405 2353 562 2428 subitam
575 2354 709 2429 dedere
725 2354 858 2455 fugam.
918 2357 1104 2428 Inimicum
1124 2360 1283 2454 opinioni
1300 2371 1403 2442 esset,
1427 2359 1493 2428 nisi
1508 2353 1620 2428 fidem

318 2477 508 2574 antiquitas
528 2478 679 2571 faceret,
709 2478 798 2552 deos
827 2476 876 2550 ab
900 2475 1108 2552 hominibus
1138 2483 1310 2577 superari.
1378 2479 1478 2552 Deos
1499 2493 1621 2551 autem
1754 2495 1755 2580 p

318 2603 438 2696 potius
461 2603 661 2700 opinative,
685 2625 796 2701 quam
817 2598 1024 2673 naturaliter
1045 2598 1232 2674 dicimus³.
1299 2599 1448 2674 Talibus
1461 2623 1621 2698 namque
1754 2651 1755 2710 3

316 2745 390 2794 non
404 2737 543 2816 natura,
557 2723 628 2798 'sed
644 2729 803 2824 gentium
820 2745 933 2811 more,
959 2720 1146 2796 divinitatis
1161 2722 1382 2798 vocabulum
1399 2721 1538 2798 damus.

366 2993 534 3054 ΙΙηωιίαεο
561 2990 650 3050 clarus
670 2985 790 3066 librato]
821 2988 942 3052 Claram
1001 2987 1083 3050 Hinc
1104 2986 1199 3070 igitur
1218 2987 1297 3051 banc
1310 2987 1418 3053 ‘mallei
1433 2999 1554 3074 partem
1572 3001 1624 3052 nt·

294 3094 464 3178 ,intelligit
494 3105 583 3156 autor
620 3092 799 3156 narrationis
841 3094 945 3158 malle·
1002 3105 1076 3178 pote
1091 3093 1289 3158 infirmiorem
1303 3094 1341 3158 ab
1356 3095 1497 3160 Hotbero
1511 3096 1625 3180 praci-
1754 3063 1755 3108 t

320 3219 370 3262 um
390 3198 559 3277 floronis,
585 3203 711 3266 Midlner
732 3197 795 3262 sire
819 3199 944 3262 commi·
1000 3196 1163 3264 samfnisae
1177 3213 1290 3264 narrat.
1312 3203 1474 3294 Querero
1489 3200 1625 3266 adhunc

321 3315 461 3366 statorem
478 3305 607 3384 dIctum,
640 3304 724 3388 cujus
747 3305 873 3368 virtutes
899 3306 940 3370 ita
1000 3303 1102 3366 locum
1122 3323 1165 3366 ex·
1179 3306 1302 3370 Menrsii
1325 3307 1479 3372 Glossario
1497 3307 1625 3370 Graeco·
1754 3297 1755 3310 ¹

319 3407 355 3470 in
395 3409 482 3474 Edda
521 3411 684 3476 Snorronis
731 3409 942 3474 describuntur
998 3405 1129 3471 barbaro
1145 3411 1248 3474 attulit
1265 3412 1446 3496 stephanius
1464 3412 1502 3476 de
1516 3435 1625 3476 manu-

321 3513 595 3600 (Slnldslraparmil
611 3537 676 3602 cap.
691 3513 731 3580 35
744 3540 776 3602 p.
791 3515 879 3598 132)=
899 3524 942 3581 rei
1000 3514 1098 3577 clario
1119 3515 1182 3578 sire
1199 3517 1284 3580 clara
1304 3519 1435 3581 manuali
1454 3520 1502 3582 vel
1524 3517 1625 3582 aclide
1754 3527 1755 3604 j

320 3624 475 3706 cornuaque
504 3629 605 3706 quonr‘s
633 3629 665 3686 oi
677 3629 842 3712 'tirrpnctum
867 3647 941 3688 nnn-
998 3621 1185 3694 Latinorum,
1213 3645 1230 3686 a
1256 3623 1365 3686 malleo
1378 3623 1474 3687 Thori
1496 3624 1644 3702 omnino

321 3747 405 3810 qnam
416 3729 552 3813 fractum
573 3733 623 3802 a'rt',
645 3753 664 3792 o
682 3753 781 3816 scopo,
800 3734 852 3814 qut'
862 3730 942 3814 seri·
998 3738 1069 3788 sunt
1086 3727 1200 3790 aliena·

321 3833 524 3905 andetraant,
549 3855 696 3918 nunquam
725 3837 938 3910 aberraturum,
1043 3836 1143 3895 3Ιὶσω
1163 3839 1266 3920 potnias
1287 3838 1434 3922 opr'rratr'ca
1460 3857 1546 3920 quom
1569 3859 1630 3900 oo·

320 3954 350 3999 et
362 3940 409 4000 uel
427 3929 590 4024 Iorigr'ssriroe
606 3940 769 4026 projectum
789 3948 820 4003 in
840 3967 942 4006 mortus
1000 3941 1137 4002 tonaliter
1155 3935 1288 4019 άὶοιὶιιω]
1311 3941 1469 4026 Opr'notr'ne
1491 3943 1628 4026 opponi·
1754 3957 1755 4024 ζ

318 4045 433 4108 eosdem
441 4067 629 4118 reversorum
638 4061 783 4132 preterea
790 4048 862 4108 adeo
866 4071 942 4134 pur*-
999 4055 1050 4106 tur
1064 4047 1145 4110 reali.
1164 4047 1274 4110 Senstts
1291 4057 1352 4108 est:
1379 4049 1441 4110 Nos
1461 4045 1512 4110 hic
1531 4047 1628 4114 othi-
1754 4027 1755 4050 ἒ

320 4175 389 4212 vum
400 4152 486 4212 reddi
490 4175 590 4238 posse,
608 4166 641 4240 tp
656 4154 782 4214 interula
796 4155 941 4216 involutus
999 4169 1071 4212 num
1085 4151 1333 4238 'Thoronemqtte
1358 4155 1442 4216 Deos
1471 4171 1628 4236 vocamus,
1754 4139 1755 4168 ᾖ

316 4271 490 4342 portaretur
494 4281 507 4329 ,·
525 4258 577 4318 Iron
600 4273 696 4320 tamen
717 4257 848 4322 laborare
863 4259 942 4344 dese·
997 4277 1060 4317 non
1074 4256 1157 4339 quod
1175 4269 1281 4322 natura
1300 4270 1332 4320 et
1348 4257 1475 4322 essentia
1490 4277 1560 4322 tere
1576 4277 1630 4321 es·
1754 4315 1755 4322 ,

322 4377 380 4440 ctu,
393 4364 471 4446 qnod
486 4366 615 4434 anterior
626 4365 772 4426 manubrii
776 4388 851 4452 pars
864 4365 942 4450 (sor-
999 4381 1031 4424 se
1044 4365 1137 4442 Deos,
1150 4363 1259 4447 quibus
1270 4361 1388 4426 divinus
1402 4364 1501 4428 cultus
1513 4362 1630 4426 debea-
1754 4405 1755 4410 κ

322 4467 442 4553 adepsit)
448 4469 533 4549 J'uste
547 4470 659 4532 brcvtbr
673 4486 755 4532 esset.
998 4479 1059 4546 tur,
1080 4468 1298 4550 existimemus,
1320 4467 1375 4533 sed
1393 4487 1479 4532 more
1501 4469 1631 4553 gentili-

367 4571 511 4634 ²cnoam
527 4577 651 4660 proecr‘so
675 4578 824 4640 mantnt>
853 4582 941 4640 abuti·
1001 4593 1053 4638 um
1076 4573 1121 4636 sic
1148 4574 1317 4660 loquimur,
1353 4575 1405 4660 qui
1445 4573 1521 4640 falsa
1549 4595 1631 4660 qua·

275 4677 279 4698 ⁸
323 4678 377 4736 {ern
398 4675 582 4757 reddidisset]
605 4679 746 4746 Forsitan
767 4681 881 4767 aliquid
903 4681 941 4745 de
1001 4677 1071 4742 dam
1108 4681 1252 4764 opinione
1284 4693 1317 4746 et
1340 4703 1417 4746 rana
1441 4679 1631 4744 credulitate
1754 4717 1755 4720 κ

324 4775 444 4842 defectu
459 4782 560 4844 mallei
579 4783 675 4847 'l'hori
694 4805 791 4869 nuper
810 4807 940 4850 courme-
1000 4785 1186 4852 divinitatem
1222 4786 1336 4852 fictitiis
1363 4785 1424 4852 mis
1449 4784 1633 4852 nominibus

324 4884 623 4950 moretoinnotuerat
640 4892 737 4951 autori
751 4891 938 4955 narrationis.
1002 4891 1183 4956 tribuebant,
1202 4891 1253 4974 (8)
1277 4915 1282 4928 ’
