3476 5460
383 309 458 386 406
712 311 1270 388 ffls‘rott.nsa.1sss1tv11t

336 521 492 600 struendi
518 525 740 622 percussoris
761 526 896 624 grstia¹
933 545 979 596 an
1011 515 1183 622 puniendi
1214 519 1357 614 dixerit,
1388 528 1547 596 incertam
1565 533 1612 592 est

336 651 428 720 Fore
444 650 537 719 enim
553 663 713 746 poterat,
728 661 768 722 ut
783 643 966 719 saltantem
981 641 1098 718 eximii
1123 641 1308 718 cadaveris
1332 640 1445 718 moles
1464 641 1613 717 obrussa
1701 675 1702 718 ς

337 771 449 867 Igitur
472 765 650 841 Hatherus
671 764 796 840 adacto
821 785 949 869 vegete
969 765 1091 868 gladio
1128 787 1249 840 senem
1279 767 1393 864 eapite
1414 761 1614 838 demutilarit.
1701 761 1702 780 ³

339 887 448 983 Quod
472 895 611 988 corpori
641 887 808 964 avulsum
836 893 1107 991 impactumque
1128 908 1230 964 terrae
1246 887 1393 988 glebam
1414 909 1530 960 morsu
1549 905 1615 956 ear-

339 1017 452 1112 psisse
467 1010 614 1103 tenue,
630 1008 850 1086 ferocitatem
867 1018 974 1086 animi
990 1009 1199 1088 moribundi
1217 1017 1289 1086 oris
1312 1013 1493 1085 atrocitate
1512 1005 1616 1080 decla-

339 1157 431 1207 rans.
485 1135 678 1208 Percussor
692 1151 821 1230 tamen,
836 1138 1019 1235 promissis
1033 1133 1197 1210 fraudem
1214 1135 1364 1208 subesse
1386 1133 1528 1218 veritos,
1546 1126 1617 1202 saltu

338 1279 410 1328 uon
432 1260 595 1330 incautus
624 1258 805 1332 abstinuit.
866 1264 981 1352 Quem
1003 1263 1033 1334 si
1052 1275 1184 1332 temere
1207 1260 1420 1358 peregisset,
1442 1255 1528 1328 forte
1547 1249 1617 1348 lspsi

340 1375 523 1452 cadaveris
538 1379 609 1452 ictu
629 1378 783 1454 obrutus
806 1382 911 1454 occisi
937 1387 1029 1456 senis
1054 1403 1183 1480 poenas
1200 1381 1349 1478 proprio
1362 1371 1617 1475 funerepcrsol·

341 1501 457 1574 visset.
510 1501 642 1572 Verum
666 1525 713 1574 ne
738 1517 874 1576 tantum
891 1499 1059 1576 athletam
1074 1502 1169 1578 busti
1193 1503 1335 1600 inopem
1363 1503 1482 1600 jacere
1500 1514 1618 1598 paten-

342 1637 408 1714 tur,
434 1644 569 1719 corpus
585 1624 664 1720 ejus
682 1627 717 1696 in
733 1649 875 1724 campo,
900 1631 963 1726 qui
980 1624 1089 1728 vulgo
1102 1621 1287 1724 Roelung³
1316 1622 1456 1716 dieitur,
1479 1618 1617 1720 sepultu-

341 1741 806 1822 raemandandumcuravit
1465 1759 1467 1766 ’

476 1865 664 1942 Omundus
700 1884 834 1962 autem,
870 1887 910 1944 ut
930 1873 1074 1970 accepi,
1096 1895 1186 1971 pace
1218 1871 1372 1971 integra,
1400 1889 1533 1944 summa
1555 1883 1617 1936 eum
1701 1909 1702 1916 κ

344 1987 595 2086 tranquillitate
616 1987 803 2084 decessit⁴‚
827 1991 974 2068 duobus
999 1995 1078 2069 filiis
1109 2011 1144 2068 et
1179 1992 1324 2068 totidem
1346 1989 1490 2066 filiabus
1511 1985 1618 2062 relict'a

343 2109 526 2208 Equibus
551 2116 724 2184 maximus
750 2131 835 2189 natu
865 2115 1068 2216 Syvardus,
1089 2115 1197 2190 fratre
1221 2113 1354 2190 Buthlo
1374 2112 1494 2187 adhuc
1514 2127 1618 2194 tenen,

344 2257 496 2330 regnum
512 2230 717 2308 haereditate
734 2241 972 2336 consequitur.
1009 2241 1091 2332 Quo
1107 2257 1269 2339 tempore
1285 2240 1465 2312 Sveonum
1485 2258 1539 2306 rer
1557 2231 1617 2302 Gd-

344 2369 442 2426 tarus
464 2351 609 2427 alteram
632 2357 787 2429 Omuudi
815 2358 969 2432 filiarum
990 2361 1041 2435 ob
1055 2363 1191 2435 eximiae
1214 2357 1491 2460 pulchritudiuis
1516 2355 1617 2428 lamam

344 2475 482 2551 infinito
504 2500 626 2550 amore
648 2479 878 2580 complexus,
899 2483 1044 2556 Ebboni
1062 2483 1205 2558 cuidam
1222 2483 1412 2558 Sibbonis⁵
1432 2481 1503 2555 filio
1515 2491 1616 2578 postu·

345 2597 461 2672 laudae
477 2601 620 2700 virginis
638 2605 749 2702 gratia
764 2609 947 2705 negotium
962 2605 1148 2705 legationis
1165 2607 1324 2706 imponit.
1362 2609 1411 2698 Is,
1426 2601 1535 2677 officio
1547 2623 1617 2698 pru-

346 2721 484 2798 dentius
508 2721 761 2819 administrato,
779 2743 920 2826 gratum
939 2725 985 2802 de
1003 2729 1133 2830 puellae
1152 2755 1328 2806 consensu
1359 2730 1525 2803 nuncium
1542 2737 1618 2798 retu·
1700 2767 1701 2820 p

346 2843 396 2917 lit.
457 2849 621 2958 Jamque·
640 2845 727 2920 nihil
749 2865 832 2924 voto
855 2869 988 2950 praeter
1021 2855 1163 2951 nuptias
1196 2849 1336 2944 deerat,
1379 2875 1472 2950 quas
1499 2851 1618 2922 Gnarus

307 2981 311 2990 '
347 2964 447 3063 apud
471 2965 607 3044 alienos
636 2994 743 3070 agere
772 2990 951 3065 metuens,
980 3000 1046 3074 per
1068 2974 1276 3066 Ebbouem,
1303 2999 1380 3073 quo
1412 2975 1508 3072 prius
1530 2969 1619 3068 tegno

348 3111 436 3162 usus
450 3089 575 3182 fuerat,
589 3115 759 3190 sponsam
776 3095 846 3168 sibi
860 3095 1162 3172 transmittendam
1182 3095 1358 3196 efflagitat.

479 3214 511 3308 Is
543 3237 657 3310 quum
687 3239 798 3315 parra
828 3216 1025 3294 admodum
1053 3217 1184 3292 familia
1217 3219 1407 3290 comitatus
1432 3209 1619 3290 Hallandian

349 3335 554 3427 praeteriret,
568 3333 616 3408 ad
635 3355 808 3436 agrestem
830 3341 948 3414 vicum
970 3365 1009 3414 se
1037 3336 1266 3439 pernoctandi
1291 3341 1406 3440 gratia
1436 3335 1578 3426 contulit,
1595 3335 1618 3402 in

350 3477 427 3551 quo
441 3451 598 3529 duorum
615 3457 763 3534 fratrum
784 3461 1019 3539 habitationes
1041 3461 1209 3538 adversas
1235 3460 1377 3536 medius
1402 3465 1510 3535 amnis
1524 3480 1617 3534 secre-
1700 3517 1701 3540 2

398 3775 976 3866 'Instruends'percussors'sgratioJGra-
1033 3781 1093 3848 tius
1107 3779 1354 3846 desinentiam
1374 3773 1545 3846 uenationis
1559 3767 1619 3836 debi·

353 3881 397 3940 tr'cs
419 3876 452 3938 iu
470 3877 553 3944 Edit.
565 3887 663 3966 princ.
681 3887 823 3950 omissum
844 3907 880 3950 ex
903 3908 976 3952 coa·
1033 3901 1086 3953 tur
1103 3888 1135 3952 in
1148 3900 1212 3956 not.
1229 3878 1315 3950 uber.
1336 3969 1340 3980 Ι

351 3981 468 4104 Jectma
496 3987 650 4071 probabili
673 3993 829 4078 supplerit
848 3993 978 4081 Stepha-

352 4111 428 4153 mus.

1080 4059 1262 4122 ‘Omundns
1289 4101 1314 4120 ..
1346 4049 1480 4133 maed]
1504 4047 1622 4116 obtecta·

397 4199 518 4260 sTe'rroe
526 4201 639 4284 glebam
652 4229 748 4269 morsu
761 4213 903 4294 carpsisse
908 4209 978 4294 s‘l'·
1034 4163 1136 4228 tiones
1162 4163 1196 4226 ia
1217 4162 1374 4228 historiam
1394 4157 1524 4228 Onaadi
1539 4149 1621 4220 vidit

354 4299 418 4384 nr]
438 4304 645 4390 vngntuna
661 4313 704 4374 rr
723 4333 750 4376 v.
763 4307 842 4376 tte:
863 4318 974 4377 rnen·
1034 4281 1101 4334 ¹¹⁰²
1120 4267 1205 4334 “iffi
1694 4381 1695 4390 Ν

354 4409 593 4478 ὂαὶτηονίεηεοι
610 4418 834 4484 dumumsemel
850 4443 900 4482 ore
916 4417 996 4482 moi
1088 4411 1260 4497 ‘stiland
1287 4417 1405 4478 Nomen
1433 4407 1561 4478 Sibboait
1587 4399 1621 4462 *ἦ

355 4517 472 4578 mordr't.
493 4513 543 4599 (S)
1037 4521 1097 4612 alio
1113 4521 1183 4584 loco
1211 4520 1243 4584 in
1267 4519 1393 4584 vetastis
1416 4515 1521 4598 nocuit
1543 4523 1621 4574 wil·

401 4621 576 4709 'bocland
610 4629 741 4714 Campus
767 4631 798 4694 in
825 4632 978 4697 sialandia
1036 4627 1146 4691 mentis
1174 4625 1315 4707 obvium,
1343 4623 1395 4691 sed
1425 4641 1528 4688 nomen
1552 4607 1621 4678 Sili!

355 4723 978 4822 elusanus.ripaeastepnmua
1036 4733 1107 4797 sun
1125 4755 1188 4798 non
1210 4732 1355 4798 aaran
1368 4731 1477 4815 num
1498 4729 1527 4789 n
1552 4711 1621 4786 rati·
1689 4814 1693 4823 Ι

356 4851 412 4928 sus·
420 4830 492 4896 edit.
507 4840 608 4918 posuit
623 4845 779 4928 Raaleimg.
821 4845 912 4910 Crisis
930 4857 978 4909 to·
1037 4861 1154 4927 nasaga.
1202 4839 1339 4905 Ebbonis
1361 4855 1469 4900 nomen
1490 4839 1566 4894 etate
1582 4823 1621 4884 S*
1688 4828 1693 4877 l
