3506 5458
341 229 423 326 sao
634 331 637 346 1
694 229 869 302 msroa
884 231 990 305 uss.
1006 229 1144 302 unna
1161 231 1204 302 x.

303 441 372 516 bus
386 437 586 540 inplicatus
603 441 639 512 iu
659 437 884 539 profundum
909 445 1091 540 periturus
1108 432 1394 512 abscshcbamr.
1451 441 1502 512 ltu
1520 436 1610 514 ὼιιιι

304 565 401 638 mixti
425 559 532 659 atque
555 559 643 636 alius
668 560 724 634 alii
747 560 967 637 cohaerentes
990 564 1140 636 invicem
1168 581 1276 656 opem
1298 561 1461 656 exigunt,
1485 579 1612 634 mutuo

304 683 370 758 sibi
382 683 521 758 exitium
539 699 766 780 pepererunt,
780 701 824 778 et,
840 709 950 784 quem
967 684 1091 758 salutis
1113 686 1195 783 quis
1211 697 1369 755 autorem
1388 684 1500 782 petiit,
1515 683 1613 754 inse-

303 804 417 884 tieem,
426 805 486 878 tari
501 806 668 878 comitem
681 802 818 880 babuit
843 811 969 907 Neque
988 809 1095 899 enim,
1113 808 1296 878 armorum
1312 803 1475 902 pondere
1490 805 1613 901 pressi,

303 943 418 1002 tutum
436 923 581 1000 usundi
608 942 776 1000 eventum
792 931 933 1027 assequi
955 943 1161 1028 potuerunt.
1221 930 1273 998 lta
1297 926 1398 1017 Ulvo,
1422 929 1611 998 Danorum

303 1049 476 1150 deceptor
489 1050 602 1147 magis
619 1073 729 1146 quam
745 1055 869 1142 victor,
894 1050 1006 1124 aliena
1027 1054 1235 1140 temeritate,
1258 1048 1362 1147 quod
1378 1050 1536 1148 propriis
1553 1054 1613 1120 ri-

304 1171 405 1246 ribus
423 1171 607 1271 nequibat,
632 1171 803 1266 obtinuit,
822 1175 1052 1248 certissimam
1074 1169 1231 1246 bostium
1249 1177 1416 1248 virtutem
1432 1171 1614 1246 salubrius

305 1297 529 1368 cunctatione
546 1320 680 1393 pugnae
699 1322 809 1394 quam
832 1297 968 1394 impetu
991 1293 1247 1393 proculcando.
1311 1297 1425 1396 Cujus
1450 1295 1615 1372 facinoris

305 1423 541 1491 insecuturam
564 1433 725 1491 metuens
743 1419 932 1508 ultionem,
970 1413 1072 1516 quod
1087 1414 1156 1488 sibi
1178 1414 1261 1488 hinc
1286 1415 1436 1490 classem
1460 1415 1616 1504 obstare,

305 1538 390 1612 inde
404 1563 524 1640 regem
542 1545 726 1612 imminere
739 1542 981 1638 conspiceret,
1003 1535 1127 1612 salutis
1143 1538 1346 1612 obtinendae
1366 1538 1553 1614 consilium
1576 1555 1615 1612 ut

307 1659 443 1734 viribus
457 1659 612 1756 difficile,
635 1665 682 1734 ita
697 1677 771 1735 arte
785 1664 1093 1762 promptissimum
1106 1666 1250 1758 reperit.
1299 1655 1440 1760 Fugam
1455 1687 1613 1761 namque

306 1783 505 1884 diligentius
524 1788 643 1857 animo
663 1787 966 1883 circumspiciens,
1001 1809 1085 1856 cum
1099 1784 1247 1856 unicum
1269 1787 1347 1885 ejus
1367 1782 1613 1858 diverticulum

306 1911 341 1978 in
356 1905 476 1981 classis
491 1906 689 1980 desertione
702 1923 832 1979 restare
846 1905 1152 1995 animadverteret,
1185 1924 1306 1999 noctu,
1324 1907 1525 2005 majoribus
1539 1931 1609 1978 na-

308 2030 410 2126 vigiis
424 2026 564 2123 relictis,
580 2036 615 2102 in
631 2031 830 2127 proximam
846 2035 960 2128 ripam
977 2031 1183 2104 universum
1197 2027 1339 2128 scaphis
1352 2029 1487 2126 trajecit
1507 2054 1611 2102 erer-

307 2154 435 2243 citum,
467 2155 592 2250 sicque
618 2150 835 2225 clandestino
858 2176 999 2226 secessu
1025 2177 1111 2227 usus
1136 2154 1285 2250 potitum
1310 2149 1456 2224 latebris
1485 2175 1609 2250 agmen

307 2272 463 2348 abducis
517 2273 687 2348 Diluculo
704 2275 806 2364 Dani,
829 2280 935 2348 socioe
958 2276 1067 2350 cladis
1089 2276 1258 2350 ultionem
1284 2273 1423 2348 avidius
1447 2274 1606 2360 sitientes,

307 2390 394 2466 dum
409 2393 609 2470 inbostium
623 2399 762 2496 navigia
777 2398 924 2486 irruunt,
942 2396 1068 2471 eadem
1084 2413 1353 2496 propugnatore
1369 2420 1483 2470 racua
1498 2421 1605 2494 repe-

307 2518 409 2590 riunt
441 2521 527 2612 Rex,
542 2518 623 2592 lacu
639 2517 780 2591 lustrari
793 2521 905 2616 jusso,
920 2545 1123 2594 mersorum
1139 2543 1289 2620 corpora
1307 2520 1404 2592 uncis
1419 2535 1481 2592 aut
1501 2545 1602 2591 erer-

307 2637 426 2713 riculis
451 2658 554 2738 capta
586 2640 686 2739 apud
711 2645 855 2731 Asum1,
878 2647 1083 2743 contiguum
1104 2648 1197 2716 amni
1225 2639 1421 2740 oppidum,
1438 2647 1602 2740 supremis

306 2768 514 2858 procuravit
540 2759 670 2838 officiis.
736 2761 888 2836 Olavum
910 2791 997 2839 vero
1021 2791 1088 2864 per
1111 2766 1408 2871 Norvagiensium
1433 2761 1599 2861 quosdam

307 2887 459 2980 pecunia
485 2911 506 2957 a
529 2911 568 2960 se
592 2890 800 2986 corruptos²
825 2883 1020 2960 domestico
1044 2887 1140 2961 bello
1163 2885 1444 2986 opprimendum
1468 2887 1598 2960 curarit

306 3007 356 3078 lta
371 3009 499 3106 egregii
515 3009 621 3080 animi
632 3006 704 3080 dur
719 2993 869 3082 suorum
883 3011 1028 3082 avaritia
1045 3008 1238 3102 lacessitus,
1253 3034 1346 3107 quos
1362 3009 1450 3081 foris
1466 3032 1595 3106 propu-

307 3145 473 3224 gnatores
488 3129 627 3224 habuit,
651 3131 749 3204 domi
767 3157 996 3230 percussores
1013 3134 1177 3208 invenit³.
1227 3135 1341 3232 Cujus
1355 3131 1464 3204 irater
1480 3129 1596 3202 Haml-

355 3425 474 3506 ¹Apud
502 3421 606 3504 Asum]
637 3435 727 3489 Asum
747 3429 779 3488 in
805 3427 929 3512 provin·
988 3429 1181 3510 reguumejus
1194 3431 1342 3488 thameris.
1382 3419 1443 3486 Sed
1463 3444 1499 3488 ex
1516 3423 1597 3487 histo·

307 3524 354 3586 cia
374 3525 507 3606 Scaniae,
545 3531 752 3594 Giersherridt
778 3533 870 3616 rulgo
885 3532 929 3595 di·
987 3531 1030 3594 ria
1046 3551 1152 3616 regum
1162 3530 1403 3614 Norregioorum
1419 3549 1484 3594 rem
1503 3532 1598 3615 itage·

307 3641 376 3707 cta,
416 3631 507 3694 sitnm
537 3649 583 3698 est
611 3639 744 3724 olimque
781 3636 930 3720 oppidum
987 3647 1064 3699 stam
1080 3655 1144 3700 esse
1158 3633 1308 3698 discimus.
1351 3637 1441 3699 Anno
1460 3633 1598 3700 1028rex

307 3733 577 3821 luitpraeclsmm,
598 3743 659 3824 jam
683 3763 755 3806 rero
777 3740 862 3804 fatali
882 3763 929 3804 re·
986 3743 1120 3804 Canutus
1142 3763 1211 3804 cum
1233 3742 1357 3804 maxims
1378 3743 1474 3806 classe
1495 3746 1598 3806 Norre·

306 3863 376 3903 rum
397 3843 601 3908 vicissitudine
622 3845 658 3908 ad
681 3847 752 3931 pagi
768 3846 929 3910 mediocris
985 3847 1066 3929 giam
1089 3860 1196 3932 petens
1225 3869 1352 3932 regnum
1371 3846 1500 3932 absque·
1513 3863 1601 3911 certe·

305 3947 462 4014 redactum
477 3965 523 4015 est
539 3952 700 4037 angustias.
725 3952 774 4035 (S)
986 3952 1067 4014 mine
1088 3973 1150 4016 sure
1171 3953 1278 4016 ditioni
1296 3952 1424 4032 addidit,
1453 3973 1521 4016 cum
1545 3956 1604 4038 pri-

351 4057 554 4146 ²Ccrruptos]
580 4063 625 4121 lta
651 4061 719 4143 jure
740 4079 796 4122 suo
825 4061 929 4143 posuit
985 4071 1090 4136 mutes,
1104 4061 1215 4143 partim
1236 4060 1335 4124 Olsro
1351 4059 1391 4122 ob
1404 4059 1538 4143 privatas
1562 4062 1603 4122 in·

305 4161 488 4247 stephanius
508 4185 566 4249 pro
587 4185 735 4252 correptos
754 4169 786 4228 in
812 4167 858 4230 ed.
880 4189 926 4251 pr.
983 4162 1076 4246 jurias
1089 4161 1210 4238 infensi,
1232 4167 1344 4248 partim
1364 4166 1494 4250 pecunia
1512 4169 1604 4230 Cann-

350 4270 462 4331 ³Domi
472 4295 656 4356 percussores
670 4272 791 4350 iuveur't]
812 4273 927 4334 Similia
981 4270 1006 4333 ti
1023 4271 1170 4355 corrupti,
1192 4270 1290 4355 ipsum
1315 4291 1418 4354 regem
1434 4274 1606 4336 salutarent.

306 4371 399 4436 babet
412 4373 545 4440 Adamas
564 4378 747 4455 Bremensis,
761 4377 829 4440 haec
851 4377 926 4440 scri·
981 4375 1097 4440 Oiarus
1116 4375 1255 4461 quidem,
1280 4379 1398 4440 Canuto
1417 4377 1450 4440 in
1478 4380 1606 4442 Dsuiam

305 4475 381 4543 bens
401 4475 487 4560 (hist.
510 4483 616 4546 eccles.
640 4483 693 4546 tib.
721 4488 748 4546 11
764 4505 829 4568 rap.
851 4478 925 4564 43):
981 4483 1138 4562 redeunte,
1159 4502 1287 4566 regnum
1307 4503 1488 4568 recuperare
1511 4497 1606 4548 teuta·

305 4589 371 4649 Atti
387 4593 481 4651 sciunt
495 4613 589 4672 regern
602 4587 785 4674 (Olaphum)
799 4593 834 4652 ob
851 4615 924 4674 gra·
980 4591 1041 4668 vit,
1056 4587 1109 4654 sed
1120 4609 1189 4650 cum
1200 4587 1503 4667 animadverterem
1513 4589 1606 4678 copiis

305 4695 377 4756 ttirm
385 4695 465 4754 Ibant
476 4701 553 4776 regis
564 4697 689 4762 latenter
700 4703 835 4768 occisum,
848 4700 927 4781 quod
981 4696 1220 4760 adversariorum
1246 4694 1326 4758 baud
1348 4697 1489 4758 resistere
1509 4713 1606 4780 posse,

305 4813 516 4859 etvsnsmssse
532 4803 638 4862 nendi
661 4805 778 4875 sitimus,
799 4804 925 4886 eoquod
980 4803 1085 4888 paucis
1119 4799 1280 4868 comitibus
1300 4799 1339 4864 ad
1363 4799 1494 4868 affinem
1519 4823 1604 4868 suun
