3458 5454
623 304 862 378 lNGELLllS.
1278 306 1352 378 stt

223 514 378 586 Tantum
396 527 514 590 autem
531 513 687 588 monitus
701 515 757 589 sni
771 513 996 588 incitamento
1011 515 1171 612 profecit,
1179 531 1217 588 ut
1231 513 1279 588 ab
1294 539 1402 588 euer-

94 635 128 706 vi
150 647 186 706 et
206 631 405 738 frigescenti
427 639 548 710 animo
572 634 681 712 veluti
707 635 868 736 quadam
901 634 1188 734 reprehensionis
1212 635 1307 712 silice
1331 637 1403 710 fla-

92 761 359 856 grantissimum
389 755 602 838 fortitudinis
632 761 753 860 igiteur
774 757 992 840 ostenduet.
1042 759 1202 835 Primum
1228 767 1322 834 enim
1342 785 1404 832 rex

93 903 227 954 vacuas
243 881 390 956 carmini
412 905 517 956 aures
545 879 712 980 prebuit,
732 879 866 970 ‚deiude
893 881 1095 979 impensiori
1119 861 1318 958 educatoris
1348 887 1402 957 sui

91 997 296 1092 hortamine,
315 1010 531 1094 concitatus,
560 1027 682 1078 serum
697 991 842 1080 ult'ionis
866 1003 1023 1078 calorem
1043 1009 1163 1080 animo
1176 1006 1289 1093 traxit,
1302 1002 1403 1078 obli-

91 1139 223 1223 tusqne
242 1127 406 1202 convivae
442 1124 589 1216 hostem
606 1123 737 1216 induit}
795 1124 853 1200 Ad
873 1125 1038 1202 ultimum
1060 1125 1241 1205 discubitu
1259 1126 1404 1204 evolans

91 1273 237 1328 onmem
254 1255 316 1326 irae
329 1274 406 1326 sote
429 1273 643 1349 procursum
666 1251 702 1322 in
723 1271 949 1325 consensurus
964 1247 1107 1342 alludit,
1139 1250 1186 1322 ita
1210 1265 1249 1324 ut
1268 1249 1404 1324 ferrum

91 1369 271 1448 adversus
291 1373 463 1472 Srcrdngi
486 1371 579 1448 filies
607 1387 753 1448 eruenta
784 1375 970 1448 marimo
999 1371 1151 1448 nudaret
1171 1389 1226 1466 et,
1247 1397 1403 1471 quorum

91 1491 218 1594 gulam
238 1518 371 1571 mensae
398 1493 533 1568 deliciis
556 1495 714 1584 foverat,
738 1493 905 1572 dostrleto
922 1517 1095 1570 mucrene
1109 1495 1277 1596 jugulum
1297 1511 1403 1594 pete-

91 1633 155 1690 ret.
206 1618 270 1692 llis
286 1642 443 1717 namque
465 1619 634 1692 contiuno
656 1615 851 1708 ntscidatis,
875 1641 977 1694 sacra
997 1641 1129 1694 mensae
1144 1619 1316 1718 magadae
1342 1619 1404 1690 iu-

92 1737 225 1832 volvit‚
249 1738 430 1814 infirmum
448 1741 621 1816 societatis
643 1738 827 1814 duculum
849 1739 1009 1831 diremit,
1047 1739 1405 1838 erubescendumque

93 1863 303 1938 convivium
327 1867 472 1964 egregia
493 1860 701 1938 crudelitate
727 1867 890 1954 mutavit,
915 1878 1025 1961 atque
1046 1889 1090 1938 ex
1118 1861 1260 1962 hospite
1282 1861 1406 1954 hostis,

92 2009 137 2058 ex
156 1985 397 2086 abjectissimo
419 1985 568 2062 luxuriae
589 1990 767 2084 mancipio
796 1985 1115 2064 truculentissimus
1136 1984 1278 2064 ultionis
1294 1987 1406 2058 mini-

92 2123 168 2182 ster
181 2111 304 2183 evasit.
353 2107 538 2210 Siquidem
559 2109 731 2188 induntria
756 2107 947 2184 hortatoris
964 2113 1078 2186 oratio
1093 2109 1192 2184 molli
1209 2135 1254 2184 ac
1273 2125 1404 2183 tenerae

90 2233 250 2330 juventae
265 2236 494 2308 animositatis
516 2233 678 2332 spiritum
692 2231 931 2330 ingeneravit,
962 2232 1182 2331 latebrisque
1195 2238 1271 2308 suis
1285 2249 1406 2306 extra-

92 2372 188 2428 ctam
201 2360 376 2431 recruduit
390 2355 589 2447 audaciam,
614 2353 833 2452 extuditque,
857 2371 894 2427 ut
907 2357 1125 2455 gravissimu
1141 2354 1253 2430 cladis
1265 2363 1405 2431 autori-

93 2478 165 2556 bus
180 2503 291 2578 pueua
306 2478 407 2556 lactis
422 2478 543 2558 debita
557 2474 822 2578 rependeretur.
890 2476 1104 2552 Exulaverat
1118 2477 1295 2576 siquidem
1312 2505 1404 2579 pro-

93 2601 185 2676 bitas
200 2602 352 2702 juvenis,
374 2629 449 2676 nun
466 2606 722 2700 exspiraverat3
743 2625 827 2698 quac
842 2605 877 2676 in
896 2600 1013 2674 lucem
1037 2599 1138 2675 senili
1155 2600 1406 2701 suffragatione

94 2723 271 2827 producta
286 2751 381 2826 opus
402 2751 447 2802 eo
467 2726 596 2823 majus,
613 2749 688 2823 quo
705 2725 851 2816 tardius,
869 2722 989 2818 edidit,
1005 2723 1187 2824 aliquanto
1208 2725 1405 2823 speciosius

94 2874 224 2924 cruore
242 2874 350 2948 quam
366 2873 467 2924 mero
480 2849 607 2926 calices
621 2841 796 2926 imbue'ns.
840 2853 957 2942 Quam
974 2873 1085 2948 porro
1098 2844 1310 2922 industrium
1325 2853 1405 2922 exi-

93 2975 279 3048 stimemus
301 2996 434 3064 senem,
458 2975 522 3072 qui
545 2973 770 3050 disertissima
784 2971 1025 3047 admonitione
1046 2973 1258 3048 imuteusum
1279 2971 1407 3072 regalis

93 3096 202 3168 animi
216 3096 340 3169 vitium
354 3099 581 3196 expugnavit,
605 3103 759 3199 ejusque
775 3098 870 3190 loeo,
903 3097 1084 3196 perruptis
1106 3095 1274 3192 nequitiae
1298 3097 1406 3170 clau·
1443 3169 1449 3180 ,

92 3223 187 3308 stris,
205 3217 483 3294 efficacissimam
500 3223 635 3297 virtutis
649 3237 840 3298 sementem
857 3219 1025 3295 inseruit?
1049 3221 1131 3317 lpse
1146 3241 1308 3317 quoque,
1321 3243 1406 3290 ma-

93 3365 185 3414 num
208 3345 302 3441 regis
316 3347 393 3440 pari
415 3341 571 3418 facinore
587 3361 809 3443 prosecutus,
832 3339 1070 3416 fortitudinem
1085 3367 1157 3413 nou
1172 3342 1290 3416 solum
1310 3345 1344 3414 iu
1368 3367 1407 3416 se

92 3462 336 3562 plenissimam
349 3461 519 3555 exhibuit,
544 3467 727 3542 sedetiam
751 3495 793 3542 ex
825 3466 940 3538 alieno
965 3482 1110 3564 pectore
1133 3481 1273 3540 erutam
1295 3490 1407 3540 revo-

94 3587 197 3662 cavit.
250 3588 331 3680 Quo
348 3601 498 3687 peracto
514 3594 566 3664 sic
579 3593 707 3690 coepit:

227 3735 308 3804 Iteae
320 3733 473 3833 inpelle,
485 3735 587 3826 oola,
601 3736 705 3835 cujus
711 3734 878 3837 prodr'dit
890 3737 1040 3806 ιιιιειιιη1

227 3853 379 3929 Pknnm
393 3857 647 3960 amitu'pectus.
700 3861 777 3936 Tibi
791 3884 893 3934 utens
908 3860 946 3931 in
958 3880 1107 3960 corpore
1120 3877 1253 3958 regnat

228 3979 400 4080 Auspicio
409 3981 609 4082 patefacta
627 4008 708 4075 sac,
719 3989 798 4057 ’nec
814 3981 934 4081 defuit
963 3981 1077 4054 altum

229 4107 376 4178 Pectore
391 4105 591 4196 eonsilium,
615 4079 829 4210 qnanquam
848 4106 1049 4179 taciturnos
1064 4103 1117 4176 ad
1129 4102 1260 4176 boram

230 4228 427 4318 Ectitcrt's5
452 4253 543 4302 nem
556 4229 699 4304 denota
717 4257 831 4306 murce
838 4229 1019 4332 prcbzlote
1032 4225 1215 4327 rependi,

235 4357 495 4452 Torporemquc
512 4351 629 4424 απίηιί
641 4353 787 4426 redunt
799 4353 931 4426 ‘oz'rtutc
946 4350 1091 4451 potenti.

232 4479 312 4548 Fac
326 4501 414 4574 age,
423 4475 637 4576 fundamus
650 4475 822 4579 reliquos,
837 4475 1025 4575 nudaeque
1036 4472 1213 4574 periebtm

147 4774 260 4852 'Colles
271 4771 408 4860 prodidit
425 4771 542 4856 amoos]
561 4771 723 4858 Stephani·
783 4792 835 4848 ns,
860 4783 896 4836 ut
922 4789 1041 4834 versum
1066 4769 1236 4853 pleniorem
1256 4767 1410 4848 redderet,

781 4877 907 4944 inscruit
925 4881 990 4960 jam
1007 4877 1087 4940 inter
1109 4877 1192 4956 caJ'us
1217 4887 1248 4938 el
1264 4878 1409 4963 prodidit.
