3506 5458
419 311 494 386 tta
775 309 950 382 HISTOR.
965 311 1070 384 DAN.
1086 311 1282 384 LIBERX.

340 517 344 526 '
368 545 465 596 mam
481 519 628 594 cessisse
641 517 833 618 ingemens,
848 517 1026 616 potiendo
1044 521 1121 618 ejus
1142 543 1208 618 spe
1222 533 1357 594 mmata
1379 520 1534 596 insulam
1557 521 1654 596 clame

368 645 476 742 petiit.
528 643 640 740 Cujus
654 667 737 714 cum
759 661 801 714 'se
818 639 1029 718 Adelstenus
1046 644 1182 718 viribus
1207 645 1380 717 minorem
1402 643 1653 718 animadverte·

368 782 431 857 ret,
446 761 673 836 conficiendae
686 787 818 860 puguae
825 762 957 836 fiducia
969 789 1102 839 vacuus
1114 765 1250 842 bellum
1258 763 1306 838 ad
1316 765 1536 864 obsequium
1548 783 1653 840 trans-

276 900 280 906 '
367 887 456 978 tulit,
464 883 744 959 benevolentiam
758 883 881 976 bostis,
895 911 1002 982 quem
1010 888 1335 988 armispropulaare
1344 891 1562 985 nequiverat,
1579 887 1652 960 offi-

366 1011 785 1106 ciiscapesserecupiens.
807 1009 1118 1082 Noasolumenim
1127 1011 1468 1110 regemamicissimo
1485 1009 1653 1084 vultube-

366 1132 646 1230 nigaissimoque
661 1133 797 1226 excepit
818 1127 989 1226 alloquio,
1013 1131 1206 1222 sedetiam,
1224 1159 1299 1232 quo
1317 1132 1498 1206 salubrius
1519 1132 1651 1230 patriam

255 1289 259 1298 ·
365 1259 474 1328 armis
498 1249 687 1325 hostilibus
701 1250 882 1342 liberaret,
907 1252 982 1327 filio
1006 1255 1083 1351 ejus
1107 1256 1293 1352 Haquiao,
1318 1253 1517 1330 admodum
1536 1269 1651 1340 tenero,

364 1377 581 1452 educationis
595 1375 793 1470 impensam
803 1372 1015 1473 pollicitus¹,
1030 1400 1180 1475 regnum
1193 1401 1233 1450 se
1246 1383 1376 1476 pariter
1389 1373 1648 1450 testamentale-

364 1501 552 1600 gaturum²
570 1499 751 1596 promittit.
802 1501 918 1590 Quam
928 1523 1003 1570 rem
1017 1499 1179 1592 maxime,
1195 1501 1450 1600 utNorvagicis
1470 1503 1579 1573 armis
1592 1495 1647 1568 ad-

364 1645 508 1698 versum
527 1617 725 1690 Humidum
739 1633 912 1710 uteretur,
933 1617 1062 1718 'oblatu
1085 1619 1228 1720 dignam
1247 1629 1390 1722 putavit.
1441 1624 1533 1720 Ejus
1557 1645 1647 1691 oan-

364 1767 437 1843 que
453 1742 620 1814 ferociam
638 1744 902 1837 pertimescens,
917 1741 1104 1816 orbitatem
1118 1769 1219 1818 suam
1229 1751 1386 1846 ¹gratuito
1403 1742 1546 1816 haerede
1561 1740 1647 1814 sola·

362 1867 394 1938 ri
418 1889 528 1961 quam
555 1863 750 1935 violentum
774 1880 958 1960 expectare
991 1869 1099 1942 satius
1122 1871 1335 1942 existimavit.
1400 1868 1533 1962 Rapuit
1553 1861 1647 1936 bostis

361 1985 597 2092 conditionem
615 2007 795 2094 praeceps,
830 1989 1124 2090 propositamque
1146 1994 1346 2089 pactionem
1373 1988 1558 2086 amplexus
1579 2000 1648 2056 taa-

362 2123 439 2185 t'um
454 2107 501 2180 de
518 2104 692 2179 offerentis
705 2105 925 2180 humanitate
942 2115 1184 2211 praesumpsit,
1212 2123 1258 2186 ut'
1273 2113 1387 2186 filium
1402 2112 1552 2208 proprio
1580 2109 1648 2204 spi·

361 2242 431 2309 ritu
447 2232 617 2306 cariorem
634 2229 861 2330 inexploratae
877 2232 957 2328 ejus
971 2231 1056 2308 fidei
1071 2235 1217 2309 credere
1231 2261 1303 2308 non
1318 2234 1504 2308 dubitaret

492 2357 576 2427 Post
591 2349 670 2424 haec
690 2351 878 2444 Haraldus,
905 2353 1060 2431 reductis
1076 2357 1124 2430 ab
1148 2361 1287 2431 Oriente
1303 2361 1426 2455 copiis,
1453 2373 1645 2452 quanquam

360 2474 663 2578 ad'impetendum
689 2475 853 2548 avunculi
877 2475 1012 2551 sactum
1036 2481 1227 2580 praecipuis
1253 2481 1340 2580 juris
1363 2478 1501 2552 viribus
1519 2472 1644 2546 *inritati

360 2617 513 2704 poterat,
536 2597 762 2670 nihilominus
775 2599 985 2694 impunitam
1002 2603 1080 2698 ejus
1105 2603 1331 2677 ambitionem
1354 2595 1579 2674 dissimulatae
1594 2600 1643 2663 ia·
1727 2611 1728 2622 ¹

358 2723 569 2824 dignationis
590 2721 757 2820 patientia
789 2723 968 2817 praeterire
982 2725 1168 2815 sustinuit,
1185 2725 1361 2824 justisque
1386 2719 1576 2820 operibus³
1593 2715 1642 2812 pie

358 2873 477 2923 carere
492 2867 602 2946 quam
622 2840 808 2914 crudeliter
822 2843 926 2942 potiri
944 2843 1076 2920 maluit.
1106 2849 1188 2920 Post
1201 2845 1388 2945 paululum
1401 2867 1493 2917 vero
1508 2857 1640 2936 tempo-

356 2974 404 3047 ris
425 2969 623 3068 Haqainus,
645 2961 764 3037 audito
786 2970 921 3060 paterni
938 2965 997 3037 fati
1012 2969 1159 3059 nuncio,
1181 2992 1269 3046 ¹cum
1284 2963 1642 3066 proficiscendigraaa

356 3093 444 3168 velis
479 3085 739 3188 navigationem
772 3091 976 3177 instrueret,
1012 3115 1143 3190 magno
1166 3091 1443 3190 supervenientis
1477 3083 1639 3158 Adelsteai

355 3217 491 3312 impetu
504 3225 702 3299 revocatus,
728 3208 911 3308 paulisper
928 3191 1060 3286 omisso
1082 3229 1269 3286 ventorum
1290 3237 1378 3302 usu,
1415 3212 1565 3310 propius
1586 3205 1639 3276 lit-

353 3339 421 3411 toti
438 3333 615 3436 navigium
634 3337 714 3430 egit.
772 3335 802 3402 A
826 3313 901 3430 quo
917 3349 999 3431 post
1012 3350 1137 3406 caetera
1160 3359 1301 3407 morum
1318 3333 1542 3424 documenta,
1564 3326 1639 3426 qui·

353 3461 424 3535 bus
448 3453 605 3557 quotidie
631 3433 907 3546 informabatur,
941 3461 1022 3528 aovi
1046 3455 1133 3554 quid
1147 3474 1387 3556 ,acceptarum
1405 3481 1444 3530 se
1466 3471 1581 3540 ratus,
1602 3472 1639 3518 nc
1726 3463 1727 3470 ’

352 3591 443 3658 inter
459 3577 583 3678 epulas
601 3577 758 3652 obscuro
776 3601 815 3650 se
830 3577 930 3650 vultu
945 3583 1118 3678 gereret⁴,
1140 3579 1204 3654 sed
1223 3583 1334 3680 magis
1348 3585 1382 3651 in
1401 3571 1637 3672 circumspici·

397 3811 497 3873 ¹Filab
515 3808 577 3888 ejus
590 3809 729 3889 Haqut'ac
748 3849 773 3866 ·.
792 3808 972 3868 educationis
1031 3805 1112 3890 quod
1135 3819 1165 3870 et
1183 3807 1275 3892 Angli
1296 3821 1327 3870 ei
1347 3807 1479 3891 Nortegi
1497 3806 1638 3890 ignoraui,

350 3925 507 4006 impensam
519 3909 679 4000 pulleinius]
699 3915 767 3974 Hoc
783 3910 904 3995 quidem
923 3929 972 3974 ve·
1030 3911 1161 3974 exinani
1178 3911 1460 3977 ramorcellictam.
1503 3909 1533 3974 ld
1555 3908 1638 3972 modo

348 4045 417 4085 rum
447 4031 500 4084 est.
559 4017 682 4080 Prolixe
706 4027 826 4078 enamat
853 4019 969 4079 Snorro
1029 4017 1121 4080 tradit
1144 4021 1259 4082 Snorro
1277 4021 1424 4082 Sturlaeus
1439 4021 1458 4082 l.
1478 4040 1503 4081 c.
1524 4041 1554 4104 p.
1576 4009 1639 4080 12¹.

349 4129 507 4204 Sturltetts,
533 4147 592 4210 qua
619 4137 685 4190 erle
699 4113 849 4186 Herbidus
863 4141 966 4206 regem
1029 4129 1196 4208 Haqut'oum
1217 4131 1283 4208 regi
1296 4150 1362 4210 proe
1378 4127 1506 4188 omnebus
1525 4145 1637 4188 consae·

346 4235 467 4320 nngtiae
481 4230 657 4307 adduxerit,
675 4241 710 4291 ut
730 4227 784 4290 lilii
807 4227 853 4292 sui
870 4228 967 4290 autri·
1024 4235 1244 4316 gualterisuisse
1257 4237 1403 4294 sartorem.

345 4343 426 4404 cium
443 4351 556 4424 ageret.
574 4336 668 4414 (llist.
686 4337 891 4420 rag.Norrcg.
906 4333 968 4396 vol.
1071 4333 1257 4422 ³0pcn'hus]
1293 4339 1408 4420 Aperte
1449 4335 1510 4420 legi
1536 4329 1635 4394 debet:
1725 4357 1726 4420 p

345 4451 410 4532 tp.
428 4442 613 4522 119-1a0.)
1024 4441 1230 4527 optatngt
1725 4423 1726 4434 '

390 4559 545 4638 ²Ilegnum
565 4577 595 4614 se
604 4555 721 4638 pariter
742 4565 913 4614 testamento
925 4549 964 4610 lc·
1070 4553 1139 4611 *Ne
1160 4553 1234 4612 inter
1250 4553 1350 4636 epulas
1372 4552 1491 4612 obscuro
1512 4571 1541 4608 se
1559 4541 1631 4602 vulin

343 4653 497 4742 getarum]
524 4653 626 4721 Orbus
648 4653 772 4739 quidem
791 4655 848 4719 luit
872 4655 966 4720 Adel·
1021 4649 1148 4738 gereret]
1165 4659 1273 4720 Narrat
1295 4653 1417 4740 quidem
1430 4659 1545 4719 Snorro
1554 4649 1631 4742 Stur-

342 4776 456 4840 atauus,
471 4760 521 4824 cui
533 4759 854 4826 fraterEdmandusio
868 4783 965 4846 regno
1021 4761 1094 4824 laeas
1110 4761 1129 4824 l.
1149 4781 1173 4824 c.
1195 4786 1225 4846 p.
1244 4759 1311 4840 125,
1339 4763 1528 4848 Haqninum,
1552 4745 1633 4816 bdel-

343 4867 495 4930 successit.
571 4865 632 4929 ssd
652 4879 863 4933 testamentum
889 4869 965 4950 ejus,
1022 4868 1099 4932 steni
1114 4869 1275 4945 alumnum,
1295 4868 1403 4932 nuntio
1417 4867 1455 4931 de
1477 4876 1570 4928 morte
1583 4881 1631 4942 pa·
