3458 5454
384 341 457 413 320
718 337 893 410 trtsrott
908 337 1014 409 Dari.
1030 337 1167 410 LIBER
1190 336 1262 410 Vll.

333 549 466 646 premis
480 547 540 622 fati
560 547 696 622 viribus
711 562 918 638 arctamur,
943 549 972 620 F
972 546 1113 621 rothoni
1134 563 1170 620 et
1191 545 1350 622 Haraldo
1378 547 1458 624 filiis
1486 549 1630 626 consul·

332 688 445 763 turns,
468 668 620 746 alterum
635 671 747 760 terris,
770 668 924 742 alterum
943 671 1048 770 aquis
1074 672 1174 770 regia
1197 667 1331 744 ditione
1349 695 1516 772 praeesse,
1536 695 1631 744 eent-

332 819 407 894 que
433 795 616 892 potestatis
645 791 876 866 differentiam
903 817 975 864 non
1000 790 1136 898 diutina
1164 792 1502 892 usurpationessed
1524 819 1632 867 annua

333 915 570 992 vicissitudine
599 915 715 989 sortiri
746 913 860 1012 jubet.
947 917 1000 986 lta
1033 910 1201 1013 regnandi
1234 916 1409 990 intereos
1439 914 1633 991 conditione

333 1056 485 1138 aequata,
511 1039 612 1138 prior
629 1035 766 1112 Frotho
780 1043 1036 1110 maritimarum
1053 1061 1177 1110 rernm
1191 1040 1365 1138 regimine
1382 1045 1527 1136 potitus,
1558 1065 1633 1114 cre-

333 1164 407 1238 bris
425 1164 582 1261 piraticae
605 1158 743 1233 damnis
767 1157 937 1232 deformis
959 1161 1105 1232 evasit².
1156 1160 1340 1234 infortunii
1358 1187 1466 1236 eausa
1489 1164 1632 1237 recentia

332 1301 520 1360 nautmum
544 1286 711 1384 conjugia
733 1282 844 1373 fuere,
865 1279 1077 1356 domesticas
1093 1287 1160 1356 tori
1179 1280 1382 1381 voluptates
1401 1291 1552 1360 externis
1568 1291 1633 1391 nri·

332 1405 414 1480 litiae
436 1405 624 1480 laboribus
645 1404 921 1504 praeferentium
993 1406 1181 1504 Interjecto
1219 1420 1382 1506 tempore
1413 1425 1498 1483 natu
1528 1414 1635 1482 minor

332 1523 510 1604 Haraldus
522 1529 631 1603 maris
648 1526 924 1603 dominationem
942 1531 1100 1616 sortitus,
1134 1551 1288 1602 vacnum
1308 1533 1479 1633 conjugio
1496 1531 1632 1606 militem

332 1649 428 1753 legit,
446 1651 611 1724 fraternae
635 1649 869 1724 snrstrationis
896 1665 1063 1724 eventum
1084 1666 1253 1724 metuens.
1310 1654 1469 1728 Fortuna
1490 1651 1633 1728 delectui

331 1771 524 1873 respoudit.
583 1777 726 1874 Quippe
741 1789 813 1846 tarn
829 1772 1027 1874 gloriosum
1040 1773 1190 1869 piratam
1204 1776 1292 1871 egit,
1321 1799 1433 1873 quarn
1454 1775 1565 1850 irater
1579 1777 1632 1848 iu-

331 1895 486 1999 glorium
499 1913 667 1996 gesserat.
711 1901 798 1989 Quae
814 1919 870 1969 ree
885 1893 1076 1968 fraternam
1091 1899 1123 1966 ei
1145 1891 1312 1970 invidiam
1328 1897 1477 1996 peperit.
1522 1901 1632 1992 Quiu-

332 2029 437 2098 etiam
461 2047 587 2096 eorum
613 2019 798 2118 conjuges,
814 2020 953 2116 Sygne²
979 2031 1016 2090 et
1034 2015 1188 2110 Ulvilda,
1215 2041 1372 2118 quarum
1393 2017 1502 2092 altera
1516 2021 1642 2092 Srefiae·

332 2148 436 2248 regc³
456 2141 628 2244 Syvardo,
645 2131 755 2215 altera
772 2139 912 2232 Carolo,
925 2137 1065 2214 Gothiae
1083 2139 1265 2254 praelecto,
1280 2157 1357 2214 orta
1376 2139 1502 2230 fuerat,
1516 2141 1632 2216 crebra

332 2267 525 2343 nobilitatis
543 2267 766 2340 contentione
781 2265 952 2352 rixantes,
974 2259 1129 2338 alternos
1149 2263 1358 2337 maritorum
1378 2261 1520 2338 solvere
1547 2289 1632 2338 eon-

332 2398 457 2468 victus
510 2392 592 2484 Quo
614 2389 740 2479 evenit,
765 2401 806 2460 ut
819 2383 997 2458 Haraldus
1015 2399 1051 2458 et
1067 2381 1212 2475 Frotho,
1231 2387 1283 2458 rei
1310 2385 1492 2462 familiaris
1520 2392 1631 2462 socie-

333 2531 403 2589 tate
423 2510 606 2606 convulsa,
630 2533 859 2584 communem
879 2508 1069 2608 partientes
1084 2505 1339 2606 supellectilem
1356 2509 1441 2610 plus
1458 2509 1632 2630 muliebris

332 2639 418 2714 rixae
434 2636 561 2738 jurgiis
577 2657 689 2734 quam
705 2631 870 2705 fraternae
887 2629 1037 2704 caritatis
1051 2629 1176 2706 ofiiciis
1191 2629 1427 2733 indulgerent.
1511 2725 1517 2758 ,
1537 2725 1539 2732 Α

460 2756 532 2832 Sed
551 2773 587 2831 et
602 2753 751 2846 Frotho,
773 2751 890 2826 fratris
911 2749 1068 2826 claritate
1092 2747 1294 2828 deformem
1312 2779 1353 2830 se
1376 2753 1476 2830 fieri'
1467 2725 1632 2852 pontem·

331 2900 508 2985 ptumque
528 2879 596 2952 sibi
617 2882 702 2952 strui
719 2874 896 2975 judicans,
915 2872 1113 2974 aquodam
1135 2875 1362 2954 familiarium
1395 2879 1537 2955 occulte
1557 2905 1630 2956 eum

331 3005 478 3080 interfici
492 3001 608 3102 jubet,
630 2998 746 3101 qnod,
766 3025 875 3099 quem
887 3013 988 3072 aetate
1001 3001 1166 3091 vinceret,
1181 2998 1229 3071 ab
1244 3023 1288 3071 eo
1310 3003 1350 3074 se
1371 3002 1503 3077 virtute
1526 3027 1629 3102 supe-

189 3193 194 3202 .
331 3130 404 3203 rari
418 3124 563 3204 rideret.
617 3127 698 3218 Quo
711 3137 871 3224 peracto,
888 3147 935 3194 ne
950 3118 1065 3195 scelus
1087 3144 1110 3193 a
1131 3125 1278 3196 conscio
1299 3119 1529 3220 proderetur,
1552 3127 1631 3197 insi·

332 3249 474 3326 diarum
493 3253 690 3322 ministrum
714 3251 818 3320 tacite
840 3241 1091 3320 trucidandum
1114 3257 1224 3317 curat.
1270 3247 1353 3319 Post
1366 3245 1457 3342 haec,
1472 3264 1514 3322 ut
1534 3253 1631 3323 inno·

332 3375 457 3452 cende
483 3371 555 3448 sibi
577 3367 687 3444 fidem
710 3385 851 3466 parerer
886 3383 1082 3466 notamque
1111 3363 1251 3442 sceleris
1280 3373 1446 3462 evitaret,
1478 3374 1631 3472 quisnam
1705 3369 1706 3396 ³

331 3521 455 3572 rerrtrn
472 3516 578 3568 casm
593 3493 739 3590 inopina
753 3514 965 3592 germanum
983 3486 1086 3562 clade
1099 3488 1294 3584 sustulerit,
1320 3487 1424 3569 latius
1438 3495 1632 3596 investigari

331 3621 515 3720 praecepit.
543 3613 746 3714 Sedneque
761 3629 812 3688 tot
827 3613 963 3686 artibus
976 3605 1150 3710 perficere
1170 3617 1305 3710 potuit,
1325 3637 1401 3712 quo
1423 3618 1541 3693 minus
1557 3641 1630 3690 eum
1704 3631 1705 3660 t

332 3745 438 3815 tacita
454 3737 554 3838 vulgi
571 3751 707 3809 notaret
720 3737 852 3836 opinio.
881 3737 1004 3833 Aquo
1020 3732 1171 3807 Carolus
1191 3734 1441 3834 postmodum,
1465 3719 1548 3842 quis
1559 3741 1629 3812 Ha-

332 3861 475 3938 raldnm
490 3859 683 3952 occidisset,
704 3874 862 3960 rogatus,
889 3854 1153 3931 dissimulanter
1166 3857 1214 3930 ab
1228 3882 1273 3930 eo
1302 3874 1397 3934 uotae
1419 3866 1474 3937 rei
1488 3863 1629 3964 quaesti-

333 4008 441 4060 onem
457 4007 515 4086 agr
504 3979 722 4084 Qrespondrt
760 3984 841 4076 Quo
863 3975 956 4052 dicto
976 3981 1097 4053 mortis
1117 3972 1263 4053 caus'am
1288 3981 1431 4078 adcirit,
1460 3983 1630 4062 Frothone

333 4106 591 4210 exprobratum
604 4105 671 4180 sibi
689 4104 837 4180 latenter
854 4100 1085 4202 parricidium
1101 4099 1292 4202 judicante.

461 4231 548 4306 Post
557 4227 638 4306 hec
646 4221 1221 4319 Haraldusetllaldanrrs,llaraldi
1230 4227 1314 4304 filii⁴
1325 4231 1506 4332 exSygne,
1520 4179 1703 4308 Caroli

262 4575 264 4578 Ι
377 4491 390 4527 ¹
406 4487 556 4573 Deformis
585 4485 693 4570 evasit]
716 4487 866 4573 Deformis
898 4483 960 4548 ltus
1063 4487 1194 4550 ’Suettie
1209 4479 1291 4570 rege]
1313 4485 1407 4571 ring.
1430 4483 1552 4550 rumh.
1565 4485 1629 4548 Str·

333 4591 403 4655 loco
417 4607 476 4675 pro
490 4601 657 4672 contemto,
680 4591 735 4658 rili
748 4591 891 4677 positum·
910 4594 958 4654 lte
1018 4593 1095 4677 alyn
1109 4614 1185 4679 rege.

332 4696 468 4761 lustinus
488 4696 541 4763 lib.
555 4701 620 4783 Vll,
636 4697 672 4766 3:
693 4725 729 4764 rte
743 4701 844 4777 abibae
864 4700 963 4785 descr-
1063 4693 1628 4780 *Hnrnldrttetfleldaurtsdlaeruldt‘fi-

333 4807 388 4866 rari
404 4805 515 4867 mtltlie
528 4807 643 4869 Amani:
656 4807 816 4870 labaretur.
1017 4801 1066 4886 tir]
1078 4803 1130 4870 fiio
1140 4804 1188 4869 ed.
1200 4801 1300 4890 princi
1310 4801 1458 4889 etfragrrr.
1475 4801 1626 4869 nulrit!-

378 4905 515 4991 'Sygttd
537 4911 659 4995 Fruges.
670 4911 798 4974 membr.
813 4913 935 4996 Sygrtes.
1014 4911 1108 4996 Vulg.
1121 4910 1208 4977 alieti
1223 4911 1363 4975 [redd.
