3476 5460
375 320 454 396 448
716 309 890 386 lllS'lOR.
914 311 1020 382 bart:
1036 310 1175 384 mult
1195 309 1252 381 tx.

326 539 481 610 tenariam
497 531 618 618 merit,
632 547 825 623 regemque
843 525 923 620 ejus
940 523 1104 606 Humani,
1115 517 1242 608 ldelloe,
1259 517 1470 635 nobd‘upimi
1487 522 1626 617 jureum

326 674 478 758 petrem,
495 673 617 750 pugna
633 650 856 746 perstrictum
869 641 1010 718 oceidit.
1060 640 1148 716 lude
1159 643 1286 718 Sandan
1315 666 1358 714 ac
1374 643 1502 716 reum
1532 647 1622 716 insn-

310 779 531 876 rarumque,
548 765 827 868 quasaustmlea
843 765 901 839 uel
915 763 1149 840 meridianaa²
1177 779 1327 854 vocant,
1349 761 1511 840 ducibus
1524 767 1625 836 inter-

326 903 439 993 fectis,
454 889 617 994 Syrardo
634 916 676 965 ac
694 886 919 963 liuthbartlro
933 887 1016 962 filiis
1032 911 1164 962 vacuas
1178 889 1422 988 gubernatore
1436 889 1626 987 provincias

328 1033 364 1098 in
379 1031 592 1122 potestatem
606 1012 750 1092 addixit.
802 1015 1018 1110 Norvagiam
1033 1035 1187 1112 qnoque
1202 1015 1363 1111 principe
1379 1037 1449 1086 ana
1466 1008 1626 1086 violenter

327 1161 468 1222 eruum
481 1136 647 1212 Fridlero
661 1159 789 1234 parere
805 1136 986 1233 praecepit,
1003 1133 1232 1234 eundemque
1243 1134 1472 1213 orchadibus
1487 1131 1625 1232 proptio

327 1263 577 1344 duoedefeotis
592 1259 765 1360 praeferre
786 1257 931 1330 curarit.
1105 1322 1110 1331 .

456 1390 593 1460 Interea
608 1385 795 1455 Danomm
807 1377 967 1477 quidam,
982 1381 1229 1478 pertinacioris
1241 1405 1328 1480 erga
1341 1377 1625 1480 Regnemmnd'i,

327 1511 511 1591 obduretis
526 1505 574 1580 ad
586 1500 835 1578 rebellandum
852 1502 989 1594 animis,
1005 1501 1153 1578 Haraldi
1173 1502 1359 1601 quondam
1383 1504 1533 1606 prnhgi
1548 1527 1626 1605 par-

321 1636 424 1714 tibus
439 1628 599 1706 advoluti
628 1641 845 1727 prostratam
861 1627 1001 1722 tyranni
1023 1626 1204 1700 fortunam
1226 1625 1388 1700 attollere
1408 1633 1528 1708 conati
1548 1643 1626 1702 rent·

327 1763 409 1855 Qua
422 1757 617 1830 meritam
629 1747 920 1824 insolentissimos
930 1747 1016 1820 belli
1026 1747 1136 1823 civilis
1151 1747 1346 1828 adversum
1359 1775 1483 1850 regem
1494 1755 1627 1847 spiratur

326 1885 568 1958 monument
582 1873 808 1969 externisque
823 1868 980 1944 liberum
1002 1869 1206 1946 domeabfeis
1229 1871 1438 1969 'unpliouem
1459 1871 1626 1970 pernulis

326 2001 384 2078 Ad
392 1991 788 2100 quoseonatn'ngendos
797 1997 984 2094 Regnems
999 2019 1083 2068 cum
1098 1991 1304 2066 insulanum
1321 1995 1510 2070 Duum-um
1524 1996 1626 2098 chare

326 2123 522 2225 profectus,
536 2117 727 2194 rebellium
737 2141 866 2217 agmen
883 2115 984 2206 elisit,
998 2113 1279 2214 Haraldumque,
1296 2123 1452 2215 superati
1464 2119 1626 2190 exercitus

326 2244 467 2338 ducem,
484 2241 570 2342 iuga
584 2243 621 2314 io
639 2242 866 2313 Germaniam
882 2255 1013 2326 actum,
1030 2237 1202 2311 honorem
1219 2239 1385 2338 improbe
1401 2257 1545 2338 partum
1560 2241 1624 2314 im-

300 2377 301 2381 ’
325 2366 504 2469 pudenter
528 2361 685 2438 abiicere
709 2361 894 2462 compulit.
963 2362 1135 2458 Captivos
1159 2386 1320 2462 quoque,
1343 2361 1499 2461 simplici
1523 2377 1624 2436 morte

325 2489 467 2568 adicere
481 2513 553 2562 non
567 2501 766 2574 contentus,
781 2497 896 2556 tortos
910 2507 1040 2558 necare
1049 2483 1183 2575 maluit,
1197 2501 1249 2576 ut,
1266 2490 1328 2583 qui
1344 2484 1392 2558 ad
1401 2484 1623 2560 deserendam

324 2620 542 2713 impietatem
562 2605 697 2682 adduci
721 2630 794 2681 non
820 2620 1004 2702 poterant,
1044 2631 1093 2682 ne
1106 2651 1110 2662 ·
1123 2610 1286 2708 spiritum
1308 2607 1468 2708 qnidetnl
1483 2615 1547 2684 uisi
1568 2633 1625 2708 per

231 2809 233 2816 ,
324 2759 504 2813 summam
526 2755 718 2831 prunarum
739 2727 943 2802 uiolentiam
968 2726 1150 2827 deponere
1184 2731 1394 2806 sinerentur.
1458 2734 1623 2806 Gmernn

323 2857 509 2934 latifundia
525 2879 662 2943 eorum,
686 2853 749 2952 qui
765 2875 848 2924 cum
863 2849 1022 2926 Haraldo
1038 2852 1292 2952 profugerant,
1320 2879 1447 2928 secum
1463 2853 1621 2953 stipendia

326 2978 577 3082 peragentibus
591 2977 741 3078 partitus
760 2989 830 3067 est,
855 2999 900 3048 eo
914 2991 1034 3072 patres
1051 2978 1246 3076 punitiores
1260 2975 1448 3074 judicans,
1472 2977 1565 3078 quod
1583 2975 1622 3050 ad

323 3103 470 3196 liberos,
486 3125 579 3200 quos
596 3123 663 3174 suo
678 3093 814 3198 judicio
829 3095 1052 3194 repulissent,
1075 3097 1274 3174 carioribus
1288 3101 1503 3198 patrimonio
1516 3100 1620 3202 spoli-

324 3231 403 3318 atis,
427 3221 605 3296 honorem
628 3217 844 3294 baereditatis
867 3243 940 3294 suae
964 3219 1171 3294 translatum
1195 3219 1363 3320 viderent.
1422 3225 1494 3299 Sed
1516 3251 1558 3300 ne
1577 3226 1622 3298 sic

323 3345 475 3449 quidem
495 3343 637 3430 idtioms
649 3344 805 3420 sanetate
820 3347 1008 3446 perfusus,
1034 3347 1180 3442 insuper
1194 3345 1402 3438 saxoniam,
1431 3348 1621 3449 quoderat

324 3468 466 3571 asylum
478 3465 636 3542 bostium
651 3467 871 3570 Haraldique
887 3468 1094 3570 profugium
1111 3465 1282 3560 crederet,
1299 3493 1515 3570 oppugnare
1535 3497 1617 3546 con-

324 3596 481 3684 stituens,
497 3589 689 3689 implorato
703 3589 861 3668 filiorum
877 3591 1027 3684 auxilio,
1052 3589 1227 3666 Karolum
1247 3605 1334 3665 tunc
1355 3591 1447 3666 forte
1469 3593 1536 3670 illia
1555 3595 1621 3666 im-

323 3714 415 3814 perii
434 3718 489 3788 sui
511 3711 644 3788 finibus
661 3715 907 3790 immorantem
921 3712 1104 3791 offenditi.
1163 3713 1277 3812 Cujus
1286 3739 1413 3814 quum,
1434 3716 1620 3816 intercepit

218 4099 220 4102 ,
370 4036 490 4122 ¹Petris]
505 4039 592 4104 Petia
606 4037 732 4105 islandis
745 4053 791 4106 eat
803 4039 946 4120 Pedani,
1004 4043 1111 4106 insule
1144 4037 1373 4118 meridionales,
1394 4037 1549 4116 dicunnrr,
1578 4053 1619 4098 rt·

322 4145 480 4232 treetutin
492 4159 580 4230 parte
589 4150 700 4212 Scotie
713 4147 946 4234 septentrionali
1003 4162 1112 4236 spectu
1130 4145 1294 4226 Orcadum,
1317 4164 1386 4234 qnae
1401 4145 1498 4230 magis
1514 4155 1618 4230 septer-

322 4251 602 4341 propeCallltneas.
642 4257 948 4340 Pationdsfiordrsm·
1003 4255 1137 4319 irionem
1152 4273 1256 4318 versus
1275 4253 1385 4336 jacent.

248 4365 251 4372 '
322 4359 391 4447 pina
408 4359 543 4424 occurrit
559 4360 591 4423 in
604 4359 711 4425 histor.
729 4379 794 4446 reg.
811 4363 946 4446 Norrag.
1051 4356 1361 4444 ³Car0tumoffendir]
1384 4359 1560 4422 constater
1575 4371 1616 4414 au·

323 4465 646 4552 Vid.ind.Geograplt.
662 4465 840 4533 Cnfr.Niala
854 4487 881 4531 o.
894 4463 947 4532 86.
1007 4465 1126 4529 nulibus
1144 4469 1343 4544 Francorum,
1364 4488 1381 4528 a
1399 4477 1499 4529 morte
1517 4457 1614 4526 Gotho·

366 4573 547 4636 ²Aurtraies
564 4573 812 4654 wimeridt'arms]
832 4577 949 4639 msulae
1007 4569 1088 4636 fredi
1106 4569 1145 4634 ad
1162 4583 1293 4636 mortem
1318 4572 1422 4637 Caroli
1439 4567 1540 4655 Magni
1564 4583 1612 4626 rot

322 4677 470 4741 ammles
490 4677 711 4763 interpretatur
730 4681 796 4766 ipae
827 4679 951 4746 meridi·
1009 4679 1066 4742 nisi
1080 4673 1311 4763 quadriennium
1324 4677 1491 4743 effinxisse.
1529 4671 1560 4736 Si
1574 4687 1612 4731 aa·

322 4803 403 4847 anae
453 4785 550 4866 Igitur
577 4783 659 4848 haud
689 4785 780 4850 dubie
799 4787 951 4852 intellexit
1009 4797 1072 4849 tem
1099 4797 1239 4848 tenorem
1263 4805 1368 4849 rerum
1393 4809 1410 4849 a
1437 4787 1551 4848 Saxone
1574 4771 1612 4838 hit

289 4886 294 4894 ’
322 4885 487 4965 Hebridts,
507 4907 577 4969 quse
592 4891 630 4953 ab
650 4891 775 4956 islandis
790 4891 952 4975 Sudreyar,
1011 4905 1202 4956 narratarum
1225 4885 1560 4976 persequimurstaette
1575 4881 1611 4941 in·
