3446 5458
372 321 444 401 aaa
708 321 882 394 aaron
902 319 1007 394 om.
1020 322 1158 394 uena
1172 323 1228 394 111.
1394 428 1396 434 Α
1473 281 1475 286 ’

317 535 410 634 peu't.
460 537 626 633 Cumque
643 548 752 606 mater
773 554 905 630 magno
928 529 1061 630 ejulatu
1080 547 1202 632 quoeta
1223 533 1401 630 praeseutia
1415 531 1614 610 filiisocor·

318 658 414 740 diam
430 655 558 730 deflere
573 657 752 754 ooepisset,
770 651 871 753 quid,
887 654 1011 751 inquit,
1035 653 1223 728 muleram
1238 655 1455 753 turpissima,
1477 657 1614 760 grav'n-
1712 758 1713 762 Ἰ

318 775 895 856 εἰιηίαήωὶιιίεᾱίεείηιιιίαήοηοιη
923 773 1323 881 salsulamcatigeatere
1351 782 1500 878 expeu's,
1537 801 1615 877 qun
1712 841 1713 844 ,

318 907 421 982 scorti
444 927 544 976 more
562 899 752 992 lasciviens,
777 899 945 972 nefariam
970 923 1013 972 ec
1034 897 1271 976 detestabilem
1294 903 1361 976 tari
1387 901 1615 976 conditiooem
1712 887 1713 896 ἵ

319 1021 1617 1126 seeuu‚vinuiinurteeooemplenoinoesssuunnpiceotsetet,

318 1154 382 1252 qui
401 1148 511 1248 prolis
524 1163 594 1220 tue
611 1161 791 1245 parentem
805 1146 1000 1237 extinxerat,
1015 1145 1279 1223 obscaenissmais
1300 1148 1615 1224 blandimentomm

317 1274 477 1349 illicebris
494 1269 673 1342 adularis?
705 1269 754 1340 Ita
768 1291 898 1365 nempe
912 1291 1015 1366 cquoe
1040 1272 1235 1371 conjugum
1259 1295 1408 1346 morum
1428 1266 1617 1344 umodbns

318 1399 539 1488 nmdtanaars
553 1389 741 1466 brutorum
757 1405 881 1462 natura
895 1388 973 1463 hec
988 1407 1048 1483 est,
1071 1407 1111 1466 ut
1133 1394 1169 1464 in
1185 1393 1321 1467 fflvem
1340 1394 1472 1493 passim
1487 1391 1615 1488 conju-

318 1523 375 1624 gia
398 1521 599 1618 capistratum
631 1513 702 1588 hoc
727 1512 788 1586 tibi
811 1511 972 1611 exunplo
993 1516 1119 1611 prioris
1135 1517 1247 1589 meriti
1269 1516 1475 1602 maneriam
1495 1511 1615 1586 exole-

318 1647 408 1719 visse
422 1655 563 1716 conant.
607 1641 686 1738 Ego
701 1659 785 1710 vero
800 1661 873 1707 non
891 1623 939 1708 ab
956 1660 996 1707 re
1011 1634 1126 1708 stolidi
1141 1637 1293 1736 speciem
1308 1663 1405 1738 gra-o,
1422 1661 1508 1726 cum
1523 1635 1616 1710 haud

148 1745 160 1782 ⁹
319 1767 488 1856 dubitem,
517 1763 604 1860 quin
624 1763 666 1847 is,
688 1761 752 1858 qui
774 1758 916 1832 lintrem
933 1761 1161 1856 oppresserit,
1175 1761 1213 1832 in
1238 1760 1358 1835 affines
1372 1783 1522 1861 quoque
1547 1763 1617 1858 pati

319 1887 518 1965 crudelitate
542 1880 822 1956 debacchaturus
844 1883 896 1954 sit
965 1879 1066 1954 Unde
1093 1880 1285 1956 stoliditaa's
1309 1907 1420 1983 quam
1442 1883 1617 1958 biduanis

319 2013 481 2087 habiturn
503 2004 664 2105 arnplecti
677 2018 828 2104 praestat,
852 2020 887 2076 et
908 2001 1150 2076 incolumitatis
1171 2005 1377 2103 praesidium
1400 2006 1450 2080 ab
1472 2023 1617 2082 emuna

319 2133 625 2208 delitamffltorum
647 2127 763 2226 speeie
789 2127 951 2199 mummi
1012 2128 1053 2198 ln
1075 2128 1325 2202 anirnotamen
1342 2145 1497 2228 patemae
1512 2129 1616 2203 ultio-

319 2262 374 2333 nis
392 2253 549 2332 studium
562 2263 769 2352 perseverat,
792 2247 856 2322 sed
875 2270 994 2322 rerum
1009 2249 1209 2324 occasiones
1232 2275 1405 2352 aucupor,
1422 2267 1618 2352 curiporum

320 2379 595 2480 opportunitates
626 2374 801 2472 opperior.
877 2377 956 2446 Non
988 2351 1082 2448 idem
1118 2375 1300 2449 omnibus·
1317 2374 1420 2450 locns
1450 2377 1618 2475 conpeta

321 2507 450 2576 cmm
475 2499 670 2574 obscurum
695 2495 933 2596 immitemque
957 2500 1115 2571 ammam
1144 2496 1326 2572 altior-ibus
1350 2499 1477 2598 ingerit
1508 2495 1618 2570 rnodis

319 2625 372 2698 uti
382 2623 552 2697 convenit.
603 2617 683 2691 Tibi
706 2641 790 2690 vcro
815 2641 1077 2719 supervacuum
1094 2623 1138 2695 sit
1161 2643 1277 2694 mam
1293 2619 1474 2694 bmunmi
1485 2620 1618 2718 desipi-

319 2747 465 2837 citiam,
483 2768 566 2842 quaa
594 2759 692 2814 naam
711 2742 840 2839 justius
867 2744 1092 2842 ignominiam
1109 2743 1297 2843 deplorare
1312 2741 1498 2816 debueras,
1549 2745 1618 2813 lta-

320 2891 488 2968 quenon
513 2863 742 2956 adanae‚·sed
766 2867 921 2962 propriae
946 2869 1069 2940 mentis
1095 2869 1215 2940 vitium
1241 2863 1373 2941 defleas
1398 2886 1543 2940 moestae
1562 2879 1618 2938 est

321 2995 455 3064 Caetera
469 2987 570 3064 silere
584 2987 787 3062 menineris.
821 2987 899 3062 Tali
911 2990 1068 3063 marleio
1083 2988 1270 3063 laceratam
1286 3003 1433 3062 matrem
1447 2985 1496 3059 ad
1510 3007 1618 3060 mco·

320 3109 467 3185 lardum
489 3111 623 3184 vinctis
637 3107 798 3182 habiturn
822 3113 996 3186 revocavit
1022 3113 1288 3212 preteritosque
1308 3115 1406 3212 ignes
1434 3111 1619 3210 pamm·

321 3234 394 3310 bus
408 3229 580 3306 illecebris
601 3230 767 3330 preferre
790 3231 919 3310 docnt

451 3359 625 3430 timesne
640 3359 759 3457 Fengo
781 3356 958 3431 insidioso
975 3355 1222 3456 explorationis
1241 3373 1420 3432 auctuem
1444 3377 1619 3454 nusquam

321 3495 497 3579 repertum
533 3477 676 3552 dindnae
699 3481 926 3579 inquisitionis
951 3479 1069 3554 studio
1094 3479 1395 3580 prosequebatur,
1428 3481 1568 3552 nemim
1584 3501 1620 3549 sc

322 3625 406 3676 cum
425 3605 566 3701 uspiam
589 3606 809 3700 conspexisse
837 3601 980 3677 diaeum
1050 3602 1232 3678 Amledaus
1248 3620 1415 3702 qnoque,
1439 3622 1486 3674 an
1509 3599 1619 3673 dum

322 3725 430 3823 ipsius
452 3725 633 3824 vosagium
656 3723 933 3822 deprehenderit,
959 3749 1025 3824 per
1037 3728 1161 3824 jocum
1173 3741 1328 3827 mganrs,
1353 3727 1390 3798 in
1402 3723 1560 3798 cloacam
1572 3720 1618 3795 il—

322 3846 512 3920 lomirisse
534 3845 657 3940 resilit,
680 3869 816 3946 pfflpm
833 3850 912 3946 ejus
927 3847 1211 3947 imacollapsum
1235 3873 1281 3922 ac
1298 3847 1516 3922 mareon
1539 3867 1618 3918 mo-

321 3969 355 4041 le
370 3967 539 4042 obrutum
553 3993 575 4041 a
602 3968 836 4044 subeuntibus
850 3973 983 4070 passim
997 3972 1115 4070 porcis
1131 3993 1213 4048 csse
1226 3985 1488 4070 consumptum
1518 3961 1620 4060 Quod

177 4113 180 4128 ·
321 4091 454 4164 dictum
469 4093 601 4164 tametsi
622 4095 693 4166 veri
709 4091 963 4167 confessionem
977 4096 1198 4192 exprimeret,
1223 4095 1309 4193 quia
1329 4094 1446 4194 specie
1460 4088 1620 4166 stolidum

321 4211 517 4306 videbatur,
536 4211 754 4288 auditoribus
767 4213 924 4290 ludibrio
940 4217 1013 4292 fuit

455 4339 619 4435 Cumque
641 4341 760 4437 Fengo
785 4341 987 4440 privignum
1014 4337 1218 4412 indubitatae
1242 4337 1398 4416 fraudis¹
1423 4351 1620 4436 suspectum

321 4457 442 4531 tollere
458 4456 814 4551 reacquisitum
831 4463 882 4538 ob
898 4466 954 4536 avi
972 4442 1050 4560 ejus
1075 4461 1191 4566 [idaci
1211 4476 1288 4533 tum
1307 4462 1357 4535 ob
1387 4455 1620 4560 conjugis-of-

323 4579 459 4656 fenam
481 4584 605 4680 exequi
622 4607 693 4655 non
719 4583 879 4680 auderet,
900 4587 1083 4659 Britanniae
1099 4584 1190 4683 regis
1206 4580 1321 4655 officio
1334 4583 1531 4656 necandum
1547 4578 1619 4654 du·

372 4869 534 4952 ¹Froudb]
559 4871 617 4935 Ed.
644 4894 691 4956 pr.
710 4871 804 4936 habet
822 4875 948 4958 fraude)
976 4875 1060 4962 qnod
1085 4876 1235 4941 vitiosum.
