3548 5470
665 319 958 392 PRAEFATIO.
1394 323 1416 392 7

159 529 371 618 tentanum,
397 551 471 602 non
487 528 601 602 tolum
618 553 739 602 reram
756 553 782 600 a
806 551 940 628 semao
980 527 988 544 '
1029 543 1248 628 egestae-cun
1262 528 1380 604 titulos
1393 553 1466 604 ex-

157 639 1465 766 quesitoconteatusgenere,uebea'poeteboquodamoperaperstrinm‘ssc,

156 798 408 872 verumetiam
432 797 615 894 ntajorum
632 814 720 872 acta
735 800 855 901 patrii
868 797 1042 872 santonis
1060 798 1280 872 carnu'nilrus
1306 799 1463 898 oulgrata

156 929 293 1030 lingua
309 955 387 1004 sua
400 931 528 1006 literis¹
540 936 647 1006 sam's
660 957 708 1008 ac
717 933 882 1036 rupibus²
894 925 1130 1034 rnicubrmda
1144 935 1327 1006 uuasse³.
1355 940 1461 1036 Quo-

155 1089 234 1138 rum
246 1067 426 1164 vestigate
441 1072 523 1140 seu5
536 1068 749 1168 quibusdam
765 1069 991 1170 antiquitatis
1005 1066 1246 1158 boamundus
1263 1066 1460 1156 inicarent,

156 1215 382 1300 tenoremque
394 1203 492 1274 ueris
503 1201 754 1278 tranuan'onis
766 1203 939 1305 passibus
955 1201 1171 1290 annuus,
1201 1217 1318 1274 rutra
1342 1203 1464 1274 metris
1481 1261 1489 1276 .

151 1333 338 1406 reddenda
361 1339 513 1427 cenavi,
544 1339 670 1440 quibus
691 1337 955 1414 condendorum
969 1337 1078 1410 series
1106 1337 1262 1410 subnixa
1289 1361 1363 1410 non
1385 1351 1462 1408 tam

155 1484 319 1540 recenter
340 1469 504 1569 conflata
515 1528 530 1562 ,
566 1499 680 1576 quarn
716 1473 913 1575 antiquitus
937 1470 1035 1546 edita
1065 1485 1306 1572 cognoscatur
1314 1525 1329 1561 ,
1371 1470 1459 1570 quia

144 1625 314 1702 masena
333 1627 425 1704 opus
444 1629 519 1680 non
546 1621 726 1708 nugacem
741 1606 915 1682 samonis
937 1606 1208 1697 ltwulentiam0,
1235 1605 1300 1680 sed
1308 1604 1459 1704 fidelem
1587 1691 1595 1706 ,

149 1737 340 1810 venustatis
358 1739 523 1814 notitiam
537 1742 736 1844 pollicetur.
789 1745 976 1842 Quantum
984 1765 1100 1842 porro
1122 1742 1259 1840 iraenei
1272 1741 1366 1814 illius
1387 1737 1460 1814 lto-

149 1871 263 1942 nrines
274 1869 506 1948 historiarum
521 1875 676 1950 eclimros
691 1891 875 1978 pestanus,
902 1876 935 1947 si
949 1874 1127 1948 scribendi
1141 1875 1234 1947 sinin
1248 1874 1460 1950 Latinitatis

144 2005 277 2104 peritia
298 2007 512 2106 pavissent,
563 2011 689 2112 quibus
721 2011 866 2082 tantetsi
890 2013 1069 2084 Rauenna
1091 2009 1192 2082 uocis
1224 2010 1352 2084 notitia
1384 2007 1457 2082 alr-

146 2151 252 2227 esset,
276 2153 382 2214 tanto
397 2142 587 2217 tradendae
595 2158 716 2218 >sermm
735 2161 886 2217 marum
900 2145 1080 2218 memoria
1095 2141 1224 2245 cupido
1237 2143 1393 2232 incessit,
1418 2157 1458 2214 ut

137 2277 367 2351 :uolmninum
392 2275 470 2350 loco
485 2293 619 2353 uastas
638 2279 749 2354 moles
769 2278 1089 2381 amplecterentur,
1120 2277 1282 2352 coelicum
1304 2301 1408 2350 usum
1429 2300 1454 2349 a

144 2411 309 2484 cauabus
322 2408 555 2486 araneantes?
579 2417 657 2490 Nec
676 2413 876 2512 iylensim
889 2412 1088 2484 endusaia⁷
1101 2411 1240 2484 selentia
1255 2410 1453 2484 obliteran-

143 2546 193 2618 da
205 2571 223 2635 ‚·
248 2547 313 2646 qui
326 2571 408 2620 cum
422 2545 466 2620 ob
478 2547 647 2622 nanuum
664 2548 732 2622 soli
743 2547 962 2622 sterilitatem
975 2545 1130 2620 bauria
1144 2546 1368 2620 nutrimentis
1382 2569 1455 2618 ea-

142 2695 262 2752 rcntes
312 2679 436 2778 officia
468 2683 648 2756 continnae
676 2679 876 2756 sobrietatis
907 2696 1104 2754 exerceant
1140 2679 1332 2780 omniaque
1369 2678 1456 2752 uita

142 2828 325 2888 momenta
340 2815 395 2888 ad
406 2815 642 2889 caedendam
657 2815 856 2890 alienorum
871 2837 1018 2918 operum
1029 2811 1195 2886 notitiam
1208 2811 1375 2912 conferre
1389 2835 1454 2884 so-

140 2949 255 3038 leant,
282 2949 444 3052 inoptam
459 2951 604 3050 ingemi)
620 2953 815 3052 pensam.
880 2951 1101 3022 Canetonum
1115 2948 1245 3050 qumpe
1263 2945 1452 3019 notionum

144 3225 262 3290 tradere
284 3227 388 3291 conati
410 3239 481 3292 sunt
502 3241 533 3292 et
559 3229 681 3314 scriptis
706 3227 768 3292 suis
823 3237 887 3288 tum
927 3226 1008 3290 cuim
1039 3228 1119 3290 Saxo
1160 3247 1282 3312 quorun
1317 3222 1454 3310 scripsis-

142 3345 172 3396 et
192 3333 462 3419 inscriptionibus,
489 3334 531 3398 ita
554 3347 669 3398 veteres
688 3335 768 3400 Dani
822 3343 880 3424 set,
898 3329 952 3396 aad
968 3330 1145 3394 criminum.

141 3458 241 3500 rerum
269 3460 339 3503 ase
361 3451 514 3524 gestarum
536 3440 713 3504 memoriam
735 3451 768 3504 et
868 3435 962 3520 ὅδια]
982 3441 1045 3500 Pro
1061 3435 1277 3520 conjunctione
1293 3435 1451 3520 disjuncti·

140 3543 323 3607 carminibus
352 3542 506 3606 celebrare
533 3557 564 3608 et
591 3564 768 3609 monumen·
824 3565 860 3608 va
882 3570 932 3608 seu
952 3539 1096 3606 evadente
1112 3553 1257 3604 contextu
1270 3543 1382 3606 rectius
1394 3562 1451 3627 po·

140 3648 177 3712 tis
191 3649 287 3712 saxeis
303 3669 424 3712 servare
439 3649 628 3714 studuerunt.
823 3647 956 3714 nendum
973 3645 1151 3714 adverbium
1167 3646 1372 3710 similitudinis
1391 3672 1451 3711 ceu.

184 3762 191 3792 ¹
204 3749 326 3839 Lngw
337 3779 396 3818 soa
407 3752 513 3836 luerit]
528 3759 575 3818 De
587 3757 767 3843 antiquitate
862 3756 1030 3839 ⁸Nuguccm
1040 3759 1179 3816 sermonis
1185 3749 1384 3834 luculentiam]
1391 3756 1451 3814 Lu·

139 3861 296 3924 [lunarum
310 3858 371 3922 vid.
388 3874 452 3924 not.
472 3859 523 3924 ub.
822 3857 954 3922 calentia
967 3858 1001 3921 b.
1020 3861 1041 3924 l.
1055 3869 1101 3922 eat
1124 3857 1279 3944 splendor.
1325 3863 1371 3922 lta
1392 3860 1451 3921 Ar·

182 3968 297 4029 ²Sacis
307 3992 342 4028 ac
357 3964 489 4052 rupibus]
498 3970 545 4030 De
562 3967 765 4032 monumentis
821 3964 930 4028 nobius
958 3963 1025 4028 adr.
1056 3965 1169 4028 Gentes
1195 3962 1247 4026 lib.
1270 3961 1292 4026 3
1313 3962 1359 4049 (p.
1389 3959 1451 4028 103

139 4069 230 4160 saraia
245 4069 277 4132 in
296 4069 392 4132 Deoia
408 4069 469 4134 vid.
483 4083 546 4135 not.
559 4072 609 4135 ub.
820 4071 866 4134 ed.
884 4069 983 4134 ldairii
1004 4070 1036 4133 iu
1062 4067 1115 4152 4)t
1128 4085 1157 4134 A
1180 4075 1275 4134 Tullio
1293 4077 1323 4134 si
1338 4093 1384 4132 res
1402 4095 1450 4130 su-

178 4177 396 4262 ’Inseulpenda
420 4174 550 4258 curasse]
573 4178 650 4270 Quae
670 4171 764 4240 fortia
818 4201 894 4242 mere
911 4180 1025 4260 judicii
1041 4180 1165 4239 wrttate
1177 4181 1369 4261 canteriatas,
1390 4195 1447 4234 non

139 4277 215 4342 lacta
240 4279 423 4344 carminibus
456 4281 683 4346 celebraverant
702 4285 765 4346 Da·
817 4284 1162 4352 uerborumlneulentras,
1175 4285 1350 4373 pergeretis,
1360 4301 1446 4364 pero·

136 4384 183 4460 ni,
213 4404 320 4448 eorum
352 4387 528 4450 memoriam
557 4383 763 4474 inscriptioni·
819 4406 888 4452 rata
905 4388 1051 4451 essetbnc
1065 4412 1162 4449 cucuso.
1179 4385 1230 4464 (S)

136 4487 188 4552 bue
215 4509 337 4577 qvoqve
363 4492 485 4577 rupium
510 4513 631 4558 aurare
659 4492 764 4558 studu-
864 4495 1054 4576 ’Tylennum
1079 4486 1241 4571 undosam]
1261 4489 1308 4550 De
1322 4487 1444 4550 nomine

135 4607 229 4659 erunt.
271 4595 452 4662 Uberiorem
475 4599 568 4663 totius
587 4599 648 4664 loci
668 4600 763 4684 expli·
818 4596 931 4660 'thules
952 4607 984 4658 et
1004 4593 1151 4658 industria
1174 4591 1362 4659 islandorum
1385 4592 1445 4656 vid.

135 4703 357 4791 cationemsrid.
370 4703 401 4766 in
416 4717 478 4768 not.
492 4705 544 4770 ub.
610 4765 611 4768 ,
819 4715 882 4766 not.
904 4699 955 4764 ub.
999 4761 1005 4768 .

177 4811 331 4892 ‘Quorum
356 4809 502 4895 bestiarii]
533 4815 600 4877 Non
632 4812 763 4897 turpium,
864 4811 1021 4896 ⁸Irtopt'am
1035 4811 1151 4893 ingenio
1161 4803 1303 4896 pensant]
1326 4807 1443 4868 Auctor·
