3442 5456
388 309 462 384 268
725 307 899 378 fltstott
915 307 1020 378 DAN.
1035 309 1172 378 LIBER
1190 311 1244 379 VI.

533 519 625 590 Sicoe
639 515 759 588 breuis
768 515 1025 618 paruofretus
1035 513 1265 616 gestamine?

529 639 694 739 lumjum
709 637 1031 736 tuurnfrustrabor.
1041 641 1173 714 audac
1183 641 1367 742 tirspetum,

531 771 640 837 Ferro
652 766 791 835 retuto¹
811 763 1013 866 proloenoem
1023 763 1171 865 pratia.
1286 836 1290 846 ,

530 887 740 960 Mett'culosa
755 911 838 959 cum
853 886 902 958 sis
915 888 992 987 ipse
1004 887 1138 976 helluo,

530 1009 709 1110 Molesque
722 1009 835 1110 digno
848 1011 1015 1084 destituta
1030 1009 1177 1100 robore,

530 1134 670 1206 Unzbroe
675 1133 835 1232 fugacis
850 1159 948 1206 more
963 1137 1287 1236 proecepstoileris,

529 1255 725 1358 Spectabili
734 1259 905 1358 claroque
921 1274 1051 1330 naonis
1065 1283 1213 1359 corpore

490 1367 493 1376 ’
528 1380 670 1454 Imbellc
682 1395 808 1481 pectus
820 1395 855 1451 et
871 1405 1014 1481 pavore
1034 1381 1221 1470 lubricum,

526 1503 762 1602 Membrisque
777 1528 912 1575 suntme
923 1503 1151 1578 dissidentem
1171 1493 1361 1605 spr'ri'terns

528 1631 587 1698 Ex
603 1625 671 1698 ltoc
688 1641 759 1698 tute
773 1609 952 1727 comptigo
966 1643 1074 1700 nutat
1074 1625 1256 1723 fabricoe,

526 1750 614 1820 Cum
618 1747 753 1846 forma
758 1748 862 1844 filiu
876 1767 998 1850 strage
1012 1751 1141 1824 mentes
1156 1749 1353 1837 claudicet,

527 1872 675 1970 Suisque
692 1871 737 1942 sit
752 1887 890 1944 notura
907 1873 1044 1946 discors
1054 1874 1227 1975 partibus.

530 1998 577 2064 Te
598 1993 722 2065 laudis
740 2019 788 2066 ee
802 1992 869 2066 Itoc
883 2021 1013 2067 munos
1030 2021 1135 2070 onznc
1154 1997 1305 2082 deseret,
1330 2009 1335 2020 ·

522 2119 600 2189 Nec
607 2114 765 2213 fortium
779 2117 905 2188 clarus
920 2118 998 2192 Ioco
1010 2119 1222 2206 censeberis,
1257 2199 1258 2204 ,

527 2237 689 2310 Obscura
705 2239 967 2342 conputandns
982 2215 1076 2314 irrter
1092 2243 1254 2341 agnoita.

328 2361 541 2458 Quo-dicto,
563 2365 742 2461 gigantem
766 2363 859 2460 pede
874 2389 1057 2463 manuque
1078 2383 1275 2456 curtatum,
1302 2348 1454 2434 lihereto
1483 2358 1616 2458 captim,

326 2487 444 2585 coegit
460 2486 496 2556 in
509 2483 642 2583 Iugum.
677 2485 790 2583 Cujus
805 2503 1065 2584 consequenter
1080 2491 1366 2586 promontorium
1384 2499 1519 2582 putem,
1537 2504 1614 2578 ege·

325 2623 416 2680 stum
433 2623 533 2680 antro
547 2611 735 2704 pecuniam
754 2611 958 2706 asportavit.
1011 2609 1151 2702 Quibus
1165 2607 1287 2706 spoliis
1306 2632 1419 2680 ovans
1445 2605 1615 2701 emptique

324 2727 560 2802 adolescentis
575 2732 612 2802 in
629 2728 836 2828 trajiciendo
851 2735 937 2801 mari
955 2733 1181 2829 navigatione
1197 2757 1295 2820 usus,
1320 2729 1391 2802 hoe
1413 2726 1516 2800 ulucsi
1538 2749 1614 2796 ear-

325 2873 406 2922 nten
422 2875 510 2923 voce
524 2852 720 2926 subtexuit:

507 2975 694 3072 Sanguine
707 2974 864 3070 suffusos
883 2999 986 3046 enses
999 2975 1217 3076 ferrumque
1230 2999 1357 3049 eruore

504 3096 700 3170 Pum'ceunt
718 3097 1082 3199 ropedt‘vcrsaoimus
1097 3097 1136 3170 in
1152 3125 1236 3171 nece
1250 3097 1415 3184 monstri,

505 3221 602 3288 Dum
617 3232 664 3308 te,
689 3221 914 3318 Norongicoe
926 3219 1045 3292 cladis
1060 3220 1267 3294 moderator
1279 3221 1484 3308 Antundei,

504 3340 650 3442 Excepti
668 3342 745 3414 altu
759 3345 858 3444 quies
865 3371 882 3434 ,-
906 3368 1010 3444 quem
1026 3367 1107 3414 cum
1124 3344 1200 3414 sine
1213 3343 1344 3415 lunu'ne
1358 3343 1484 3413 mentis

502 3467 590 3536 Nou
606 3465 743 3561 ignaru
752 3479 914 3566 prensat,
935 3465 1051 3536 ot'rtus
1066 3462 1216 3565 dilapsa
1220 3464 1372 3562 fefellit.

502 3591 554 3655 At
564 3611 632 3658 nos
646 3587 855 3684 defunctum
870 3587 1036 3661 ntenzbrr's
1050 3588 1242 3690 opibusque
1259 3591 1450 3686 gigantem

317 3824 380 3885 bere
394 3825 573 3888 videbamur.
609 3827 743 3891 Iustinus
765 3829 816 3892 Iib.
831 3833 939 3908 XVIII,
998 3841 1178 3908 cantatores,
1193 3826 1245 3891 sed
1260 3827 1357 3890 nihilo
1365 3837 1468 3889 tumen
1480 3823 1570 3889 secius
1586 3835 1615 3883 m

316 3949 382 4013 cup·
397 3931 443 3996 Vt
464 3935 686 4016 &frequentin
698 3939 842 3998 Iomtirum
862 3940 940 3998 uelut
996 3935 1110 4019 stupidi
1129 3947 1160 3998 et
1185 3935 1323 4018 Inprimis
1348 3933 1484 3996 omnium
1514 3931 1615 3994 estium

316 4039 411 4098 instar
434 4041 564 4100 cruciatis
586 4041 718 4124 effictum
748 4059 800 4102 est.
853 4041 940 4106 Unde
998 4039 1195 4104 humanarum
1213 4042 1312 4124 ignari
1329 4038 1548 4104 describuntur.

314 4139 366 4202 ills
386 4144 524 4225 loquendi
539 4148 648 4218 instar,
677 4144 736 4208 hoc
760 4159 816 4224 est,
839 4147 877 4210 ad
901 4149 940 4210 si·

313 4245 525 4325 militudinem,
545 4249 582 4311 ed
598 4253 777 4336 exemplum.
798 4255 848 4332 (8)
863 4256 938 4318 Sen-
1043 4249 1212 4332 2Αιιιιιιιιῑι]
1225 4251 1293 4316 nd.
1310 4273 1356 4336 pr.
1381 4253 1411 4314 It.
1432 4253 1453 4314 l.
1474 4263 1505 4314 ct
1523 4249 1552 4310 in
1575 4267 1616 4308 se·

312 4375 362 4417 sus
376 4357 435 4419 Ioui
453 4355 569 4420 hioest:
594 4361 655 4422 Cur
672 4360 783 4422 molem
799 4361 937 4444 corpus-it
996 4357 1157 4442 quentibus
1181 4359 1272 4422 hebet
1299 4359 1440 4430 Anunde,
1457 4377 1513 4418 nos
1538 4371 1616 4426 vero,

312 4460 483 4544 giganteam
497 4465 562 4549 ipse
582 4465 736 4550 negligere
749 4465 854 4550 illique
877 4465 937 4528 dit-
995 4464 1194 4547 Stephanium
1208 4463 1312 4540 secuti,
1322 4462 1522 4524 constantium
1529 4459 1559 4520 in
1570 4477 1617 4518 eo·

312 4563 404 4629 Iidese
432 4568 559 4647 videris,
596 4569 669 4634 dum
692 4583 724 4634 te
750 4574 820 4636 telis
841 4571 935 4658 pusil-
995 4567 1063 4632 dem
1085 4571 1207 4634 nomine
1230 4567 1393 4632 scribendo
1416 4580 1504 4632 tantu
1527 4565 1617 4646 mugit

310 4669 410 4734 iorum
433 4671 589 4736 hominum
604 4675 758 4759 accingis?
992 4695 1113 4738 terrere
1135 4678 1303 4753 voluimus,
1331 4697 1399 4740 cum
1422 4673 1616 4755 Gheysmesus

357 4779 468 4838 'Ferro
491 4779 601 4858 retuso]
618 4781 651 4842 ld
672 4793 727 4859 est,
747 4785 866 4849 obtuso.
882 4787 934 4849 Gis
995 4780 1104 4844 hubent
1127 4786 1307 4854 Asmnndtts,
1331 4781 1496 4844 inmittor
1518 4789 1614 4842 tutem

310 4893 415 4962 gentes
430 4881 577 4946 sistuntur
594 4884 715 4968 quidem
732 4900 875 4973 tunquam
891 4891 935 4954 iu·
995 4889 1165 4952 saxonicus
1178 4891 1336 4955 Amundut.
