3446 5458
629 307 816 378 ruoruo
837 307 891 378 111.
1223 251 1227 272 ⁴
1285 309 1354 384 ise

108 515 275 590 iniectum
300 521 485 610 omissuro,
507 515 609 616 quod
633 521 753 616 eoepit.
821 515 880 589 Ob
911 517 1018 615 eujus
1038 513 1124 590 dieti
1144 525 1406 594 venerationem
1537 585 1540 598 .

108 633 353 737 postulationis
366 635 525 712 officium
539 641 723 739 suscipere
737 654 873 738 rogata,
888 709 893 716 ,
907 636 1109 738 refragandi
1124 645 1299 713 rationem
1318 643 1407 714 senii

108 765 335 862 protentione
359 763 553 862 componit,
578 785 646 836 nec
660 785 699 836 se
715 777 788 834 tam
804 760 908 835 ardui
925 758 1081 834 mundati
1100 759 1261 862 gerulam
1277 761 1327 837 ob
1344 769 1404 838 in-

108 880 248 956 firmum
272 883 385 955 etatis
399 880 650 992 habitumiore
660 905 771 982 posse
785 898 940 958 testatur.
961 885 1037 956 Rex
1047 887 1162 983 pretio
1178 909 1270 983 opus
1286 911 1405 986 agno·

106 1026 215 1094 scens,
228 1027 340 1078 sures
353 1015 485 1102 torque
498 1004 650 1102 prolato,
673 984 859 1104 legationis
872 1009 1060 1103 praemium
1074 1003 1273 1106 pollicetur.
1325 1009 1405 1081 iia-

106 1123 213 1198 bebat
226 1149 385 1224 namque
405 1126 553 1225 torques
582 1127 710 1202 nexilis
736 1125 917 1212 bullarum
941 1127 1145 1202 caelamiua¹
1176 1130 1405 1230 intersitaque

105 1273 230 1348 regum
246 1245 457 1340 simulacra,
491 1273 575 1348 qum
596 1248 644 1323 ad
656 1251 833 1325 interioris
856 1249 909 1324 iiii
936 1247 1085 1324 ductum
1110 1275 1207 1326 nuuc
1231 1251 1405 1345 contrahi,

105 1395 199 1444 nuno
211 1367 331 1444 dirimi
353 1388 516 1473 possent,
551 1387 801 1444 omameutum
818 1367 915 1446 luxui
939 1373 1184 1473 potiusquam
1202 1379 1283 1448 usui
1301 1399 1403 1473 prse-
1477 1407 1481 1412 ·

103 1507 277 1590 paramur.
334 1495 574 1569 Westmarum
595 1517 745 1594 quoque
770 1509 804 1568 et
826 1492 1000 1568 Coioomn
1017 1519 1100 1568 cum
1117 1518 1244 1568 eorum
1270 1496 1352 1572 filiis
1367 1501 1404 1571 in

103 1613 198 1688 idem
225 1613 410 1716 legationis
443 1640 536 1716 opus
563 1621 726 1692 accersiri
750 1615 903 1716 placuit,
946 1614 1047 1713 quod
1069 1641 1195 1690 eorum
1217 1617 1403 1694 solertiam

102 1735 235 1812 Fmtito
251 1735 405 1836 repulsas
420 1737 556 1812 rubore
570 1745 762 1814 carituram
778 1752 929 1837 putaret.

232 1858 384 1934 lisimui
409 1883 492 1934 oum
511 1863 668 1936 Gotvara
692 1860 852 1961 proiecti,
876 1865 977 1958 prius
998 1861 1162 1938 triduano
1183 1863 1230 1940 eb
1244 1866 1402 1940 iiunuo-

100 2007 182 2056 rum
196 2007 283 2082 rege
299 1985 467 2058 convivio
496 1989 630 2084 excepti
647 2000 740 2078 sunt,
762 2009 873 2083 quam
897 1981 1080 2084 legationis
1104 2011 1179 2062 suae
1200 1985 1403 2062 contuitum

101 2109 351 2203 exprimerent.
420 2103 452 2178 is
474 2107 568 2178 enim
593 2109 786 2206 anfiqoitus
805 2106 1093 2206 recipiendorum
1117 2108 1300 2209 hospitum
1316 2135 1403 2184 usus

99 2226 254 2304 extabat.
309 2233 476 2306 Extractc
499 2236 534 2303 in
556 2227 714 2304 triduum
729 2227 851 2328 epulo,
876 2233 978 2327 virgo
991 2233 1087 2330 regia
1106 2229 1215 2328 pleno
1230 2235 1403 2310 comitatis

98 2348 259 2450 aiioqnio
274 2349 400 2452 legatis
414 2350 618 2426 blanditura
634 2351 873 2452 progreditur.
925 2355 998 2424 Nec
1013 2374 1142 2448 porum
1156 2353 1402 2432 convivalibus

98 2469 281 2572 inopium
298 2471 441 2574 gaudiis
455 2479 655 2574 presentiae
676 2477 755 2573 ejus
780 2471 986 2572 jucunditas
1008 2471 1131 2546 attulit
1190 2478 1255 2550 Cui
1278 2479 1401 2552 West-

97 2619 232 2690 marus,
247 2595 553 2672 crebrescentibus
563 2594 713 2695 poculis,
734 2596 907 2696 propositi
924 2595 1052 2668 seriem
1061 2597 1186 2695 jocosa
1202 2596 1400 2674 admodum

96 2722 294 2792 amertioue
318 2716 458 2812 detexit,
480 2715 614 2818 pueiiee
634 2731 788 2792 mentem
816 2715 979 2792 familiari
1000 2715 1247 2794 collocutionis
1269 2745 1401 2820 genere

95 2855 303 2914 mutaturus.
355 2843 479 2940 itaque
494 2865 569 2940 quo
585 2841 704 2914 minus
718 2833 788 2912 sibi
805 2839 987 2937 repulsam
1004 2827 1257 2931 conscisceret,
1292 2865 1399 2916 eom-

94 2965 223 3061 positis
237 2967 273 3034 iu
288 2963 399 3036 risum
414 2959 727 3061 verbisiegationis
741 2963 925 3060 negotium
938 2962 1292 3060 praemmebat,iuter
1306 2991 1401 3039 eou-

95 3083 231 3160 riraies
247 3083 396 3183 plausus
411 3081 591 3158 ludicrum
612 3107 720 3159 ausus
734 3085 870 3156 sociare
884 3107 1097 3170 sermonem.
1157 3083 1220 3156 lila
1237 3109 1284 3184 se
1303 3089 1399 3160 Fro-

94 3205 245 3279 tlronem
267 3219 439 3305 tauquam
462 3203 568 3278 samm
584 3221 619 3279 et
645 3202 864 3278 claritudinis
889 3209 1035 3304 inopem
1057 3195 1215 3279 ‘fastidire
1246 3205 1399 3284 dicebat.

86 3325 191 3400 iiuiii
216 3332 346 3401 etenim
372 3324 555 3426 quondam
585 3325 774 3402 illustrium
802 3327 1032 3401 soeminarum
1064 3327 1253 3402 connubiis
1281 3328 1410 3408 idonei.

95 3445 354 3542 cernebantur,
387 3451 455 3523 uisi
471 3451 534 3550 qui
556 3449 625 3522 sibi
648 3455 771 3548 ingens
793 3447 897 3522 famae
922 3451 1076 3548 pretium
1100 3464 1284 3549 gestarum
1307 3455 1399 3526 insi-

94 3575 344 3670 gniterrerum
358 3569 501 3672 fulgore
516 3572 730 3646 struxissent.
786 3572 973 3644 Summum
987 3575 1023 3644 in
1045 3596 1157 3672 proco
1181 3577 1305 3646 vitium
1327 3572 1399 3648 de·-

93 3691 184 3766 sidin
199 3691 274 3768 suit.
327 3691 420 3770 ilibii
438 3697 551 3792 inops
564 3694 601 3766 iu
615 3696 820 3792 nuptiarum
835 3694 1115 3794 petitorequom
1133 3693 1296 3772 claritatis
1311 3699 1398 3772 ino-

144 3933 299 3996 ¹Haledct
314 3945 431 4014 torques
445 3930 554 3991 merito
571 3929 713 3994 beliorum
775 3929 886 4016 passim
908 3929 939 3993 in
961 3928 1051 3994 terris
1080 3927 1252 3994 borealibus
1278 3931 1398 4017 globuli

92 4033 257 4118 edamur]
272 4039 383 4102 Sensus
403 4032 455 4098 irio
477 4046 539 4099 est:
571 4035 716 4102 Constitit
776 4035 859 4099 aurei
900 4033 1063 4100 admodum
1104 4045 1209 4100 tenues
1240 4037 1396 4100 bominum
1507 4066 1512 4076 ·

93 4153 218 4226 torques
232 4141 326 4206 bullis
345 4141 464 4206 coistis
484 4139 566 4207 inter
587 4156 620 4204 te
644 4161 718 4204 con·
775 4141 1009 4226 animaliumque
1058 4141 1237 4225 imaginibus
1281 4143 1396 4222 coeisti,

93 4233 189 4326 nexis,
214 4269 353 4333 quornm,
367 4247 522 4310 sonuuiia
549 4267 655 4332 regum
675 4248 716 4310 si·
775 4247 930 4312 interdum
954 4247 1039 4310 runis
1061 4247 1198 4332 insigniti
1225 4259 1256 4310 et
1283 4250 1396 4312 instru-

93 4352 227 4416 mnircrt
243 4351 460 4432 exbibueruntr
479 4352 528 4415 bn
548 4351 642 4416 buiiae
661 4351 715 4416 iiio
775 4354 818 4418 cti
835 4353 946 4418 ansulis
972 4350 1084 4428 eureis,
1112 4352 1165 4436 qui
1188 4350 1282 4435 igitur
1302 4353 1395 4418 ductu

94 4457 262 4539 exteriore,
289 4457 409 4545 abipso
427 4459 521 4545 igitur
544 4471 654 4543 torque
671 4457 717 4520 rii·
774 4459 921 4526 catenulas
937 4475 1036 4520 auree
1053 4474 1133 4518 nnnc
1147 4459 1287 4521 contrairi
1313 4482 1394 4525 nunc

92 4561 248 4642 *cremba
261 4563 376 4646 juncte
389 4576 486 4645 erent,
503 4575 628 4628 utuunc
641 4581 713 4626 oon·
774 4565 874 4628 dirimi
888 4573 1064 4648 potuerunt.
1099 4561 1269 4647 Specimina
1286 4567 1393 4632 talium

91 4667 178 4731 trabi
201 4685 281 4732 nnuc
315 4669 416 4736 dirimi
442 4681 574 4756 possent.
653 4673 714 4731 De·
775 4669 925 4733 bulisrum
956 4667 988 4730 iu
1024 4667 1131 4731 mustis
1172 4671 1393 4738 iisrniemibm

92 4773 222 4858 scriptio
239 4776 329 4861 hujus
356 4778 474 4862 torquis
491 4775 571 4839 haud
592 4793 714 4838 omnem
774 4785 969 4840 euertuntur.

94 4879 212 4944 excedit
232 4880 331 4970 iidem.
401 4883 606 4968 Reperiuntur
633 4882 713 4945 enim
