3458 5454
480 236 730 392 Ramnes
754 315 1055 396 HYLDETAND.
1299 329 1404 401 369‘

103 524 328 600 usufructum
357 540 466 616 ueto,
496 547 576 626 quo
596 551 761 628 pruoeps
781 547 998 624 excesserat,
1022 547 1267 607 transuersum
1293 537 1421 634 injecit.

103 651 184 740 Qus
200 648 382 748 ignotum
396 651 529 722 Gunuo
547 673 590 722 ac
606 651 732 724 Grimo
748 673 862 749 ocyus
877 653 1018 745 incitati,
1051 651 1199 730 diversis
1216 651 1326 756 elapsi
1342 685 1419 765 po·

102 773 214 858 stitus,
233 771 364 868 pariter
386 771 425 844 iu
448 770 600 844 Olenum
626 797 711 846 eum
738 787 945 871 contemptu
977 777 1088 850 aetatis
1111 779 1189 876 ejus
1218 805 1260 853 ac
1291 783 1424 856 vitium

101 908 224 966 ruunt.
292 895 323 965 A
343 916 420 991 quo
442 890 592 968 letaliter
608 893 796 985 vulnerati,
822 919 938 994 quum
960 905 1125 996 eorporis
1142 898 1341 977 admodum
1361 912 1426 978 vi-

101 1013 207 1089 tibus
232 1013 490 1107 defluet-entur,
531 1017 668 1108 Gn‘mo,
694 1023 849 1116 supremi
875 1019 932 1092 vix
950 1022 1094 1119 spiritus
1122 1039 1251 1120 potens
1285 1051 1328 1101 ac
1348 1043 1422 1102 toto

100 1161 208 1234 poeue
225 1139 350 1238 vigore
366 1133 565 1230 defunctus,
589 1157 731 1214 carmen
747 1138 820 1214 hoe
843 1156 1000 1215 extremo
1023 1147 1121 1220 vocis
1142 1145 1300 1246 singultu
1325 1173 1419 1224 con-

101 1257 232 1338 texuit:

354 1405 475 1480 Simus
498 1429 626 1509 nempe
639 1405 721 1479 lieet
737 1431 887 1509 corpore
901 1404 1046 1496 debiles,

353 1527 579 1631 Elapsusque
597 1554 705 1602 eruor
719 1527 830 1602 robur
844 1525 1064 1618 obltuuserit,

357 1657 476 1752 Quum
493 1677 591 1726 nunc
605 1647 742 1726 elicitus
753 1651 903 1723 uulnere
919 1654 1063 1754 spu-itus

357 1771 435 1846 Vix
450 1775 583 1849 sensim
595 1776 719 1849 latero
728 1789 877 1878 pectore
885 1775 1055 1876 palpitet,

353 1891 573 1988 Dmertitten,
587 1919 730 1986 urenae,
755 1899 925 2000 temporis
940 1895 1057 1970 ultirm'

354 2023 425 2093 Per
440 2043 508 2094 nos
520 2019 709 2124 intrepidis
721 2019 865 2092 clareat
878 2019 1027 2092 ausibus
1035 2050 1050 2109 ,·

354 2145 412 2216 Ne
428 2143 631 2246 conflictum
646 2141 928 2245 aliquissortius
940 2144 1071 2216 editum

355 2268 607 2366 Pttgrtatumue
623 2260 744 2365 magis
758 2259 895 2336 dixerit
906 2255 1067 2366 uspiam,

357 2392 404 2460 Et
417 2403 601 2461 certamen
618 2401 729 2460 atrae
746 2411 856 2458 arum
870 2385 1093 2486 gerentibus,

357 2515 476 2611 Quum
487 2535 556 2612 per
570 2510 676 2587 busta
694 2531 784 2583 caro
791 2507 906 2610 fessa
924 2509 1113 2610 quieverit,

354 2635 482 2706 Fama
497 2629 661 2707 conciliet
665 2635 826 2735 proemia
838 2633 1005 2734 perpetis.

357 2753 482 2829 Prema
497 2753 608 2830 hastis
622 2756 797 2859 stapulas
812 2755 921 2862 seetia
932 2755 1160 2858 eoutprimat,

356 2883 404 2950 Et
405 2877 557 2973 ferrum
567 2879 738 2978 geminas
751 2870 913 2978 abripiat
926 2895 1075 2969 manus,

360 3005 421 3091 Ut,
443 3025 552 3102 quum
569 3019 636 3075 uos
650 3001 798 3100 Spgz'us
813 2999 918 3074 Pluto
931 3002 1117 3104 receperit,

357 3125 506 3198 otonem
526 3145 665 3226 quoque
674 3147 754 3226 par
771 3118 891 3196 exitus
906 3140 1067 3226 occupet,

355 3252 403 3320 Et
414 3267 601 3323 comumne
616 3246 854 3348 tribusfunus
866 3245 1067 3336 inhorrent,

360 3375 444 3446 Una
461 3373 568 3445 trium
586 3372 723 3444 eineres
734 3357 902 3472 urnaque
918 3387 1096 3470 contegat.

240 3517 419 3591 Hactenus
436 3519 572 3590 Grimo.
624 3520 739 3618 Cujus
766 3517 936 3592 invictum
955 3533 1056 3616 pater
1076 3519 1240 3614 spiritum
1264 3518 1419 3592 aemuta-

97 3653 182 3730 tus,
218 3653 258 3711 ut
271 3637 501 3714 fortissimam
524 3639 588 3713 filii
607 3665 733 3714 vocem
755 3656 881 3712 mutua
904 3638 1149 3716 adhortatione
1172 3665 1420 3742 prosequere-

97 3775 217 3854 retuu
243 3767 293 3837 sic
309 3769 437 3862 coepit:

245 3909 484 4006 Quanquam,
496 3899 648 4002 desectis
665 3901 719 3974 ad
733 3925 910 3974 summum
927 3899 1109 4000 sangm'ne
1124 3901 1244 3990 venis,

308 4031 418 4100 Eatet
435 4027 475 4100 in
489 4025 638 4100 musmo
655 4025 806 4126 corpore
823 4026 902 4098 uita
917 4023 1050 4114 breuis,

249 4150 383 4224 Taliter
396 4165 568 4223 eatremoe
582 4148 712 4246 urgeat
722 4147 1063 4249 contantiopuguoe,

309 4277 358 4345 Ut
369 4272 515 4345 laudam
530 4269 649 4346 nostri
659 4294 734 4342 nort
747 4270 848 4341 sinat
859 4292 937 4340 esse
950 4267 1102 4340 breuem.

244 4399 343 4496 Ergo
356 4393 522 4468 humeros
540 4389 654 4466 hostis
673 4407 709 4462 et
720 4389 874 4465 brachia
877 4389 1039 4489 framea
1055 4388 1217 4491 primum

307 4523 480 4620 Imputat,
492 4532 533 4589 ut
549 4539 726 4590 manuum
742 4513 939 4587 debilitetur
956 4535 1054 4614 opus.

247 4638 311 4714 Sia
324 4664 510 4716 commune
526 4640 636 4712 tribus
651 4636 795 4710 dabitur
815 4633 1004 4738 postfata
1022 4631 1238 4734 sepulcrum,

307 4768 357 4836 Et
371 4765 489 4856 socios,
502 4764 639 4836 eineres
645 4785 725 4866 par
739 4759 849 4834 tribus
865 4783 962 4831 urna
979 4770 1081 4856 teget

161 4900 222 4949 su.
236 4901 510 4952 summum
1152 4876 1229 4974 (24)
