3442 5456
381 313 455 383 27⁰
710 313 883 385 HISTOR.
910 315 1014 386 DAN.
1035 317 1171 388 LIBER
1192 319 1247 390 vt.

331 520 486 595 candum
502 511 674 614 hortatus,
696 547 719 594 a
733 525 919 618 Bittmone,
935 526 1109 624 sequioris
1125 523 1259 602 ordinis
1275 534 1390 620 riro¹,
1415 556 1531 630 regem
1546 557 1615 606 cum

330 645 476 744 plebejo
493 645 662 744 congredi
686 643 909 742 prohibente,
941 646 1131 722 lacessitur.
1184 651 1350 749 Cumque
1363 655 1503 745 Bitimo,
1527 655 1615 727 unu-

330 757 388 842 ato
404 794 499 857 arcu,
523 791 633 839 nervo
649 770 812 866 sagittam
829 786 983 868 aptaret,
1015 770 1135 844 subito
1154 778 1322 846 emissum
1344 775 1392 848 ab
1409 781 1532 848 Anoue
1548 777 1616 873 spi-

331 889 454 964 culum
476 886 643 962 chordae²
667 914 808 962 summa
831 891 1033 967 transfixit³.
1111 897 1224 994 Cujus
1245 893 1355 970 altera
1386 923 1470 972 mox
1511 902 1617 997 sagitta

330 1037 448 1086 comes
469 1011 591 1086 mediis
610 1012 802 1111 digitorum
824 1014 983 1113 cordylis
1002 1018 1156 1114 impacta
1178 1021 1384 1092 successit⁴.
1444 1022 1507 1093 His
1532 1024 1618 1092 tertia

330 1138 584 1234 superveniens
607 1137 644 1207 in
667 1134 882 1233 applicatam
898 1163 1009 1212 nervo
1026 1143 1187 1239 sagittam
1210 1141 1339 1215 incidit
1387 1147 1466 1216 Ano
1485 1151 1618 1242 quippe,

329 1262 596 1359 promptissima
613 1257 800 1356 sagittandi
819 1285 930 1358 opera
956 1267 1093 1336 eminus
1109 1279 1229 1352 utens,
1254 1261 1300 1335 de
1319 1264 1490 1356 industria
1510 1281 1618 1365 gesta-

330 1409 409 1456 men
433 1399 568 1456 tantum
583 1378 696 1454 hostis
710 1379 922 1476 offenderat,
948 1401 998 1477 ut,
1022 1385 1117 1458 idem
1140 1388 1176 1458 in
1201 1391 1323 1484 ipsum
1343 1387 1411 1462 sibi
1437 1386 1543 1462 licere
1560 1385 1617 1456 de-

331 1701 447 1780 libcllo,
466 1702 610 1764 aSaxone
624 1697 745 1784 quidem
756 1701 879 1765 omnino
893 1701 951 1764 dis·
1012 1705 1155 1768 convenit
1192 1723 1315 1789 prorsus
1344 1702 1508 1766 Bi‘o'rnonia
1536 1701 1620 1764 moni-

331 1810 461 1887 cedunt,
491 1805 545 1871 sed
575 1821 676 1870 tamon
710 1808 894 1878 conveniunt
921 1823 951 1872 et
1013 1824 1086 1889 tum,
1109 1831 1145 1872 ne
1164 1832 1217 1873 rex
1238 1831 1306 1873 cum
1328 1808 1450 1894 plebeio
1468 1806 1619 1892 congrede-

331 1913 441 1979 nomen
462 1915 521 1978 riri
541 1925 572 1975 et
599 1931 767 1996 cognomen
791 1927 822 1975 et
843 1915 951 1998 patria,
1012 1917 1106 1994 retur,
1119 1937 1187 1979 curn
1203 1917 1258 1980 illo
1271 1913 1443 1994 Starcateri,
1464 1914 1547 2000 quod
1562 1933 1620 1974 mox

330 2022 445 2084 reticet
459 2018 621 2102 ttorvegta,
647 2031 678 2083 et
695 2020 770 2081 mna
788 2021 952 2105 sagittandi
1012 2020 1118 2084 eorem
1135 2021 1194 2084 hoc
1213 2021 1292 2085 utro
1309 2005 1432 2086 aarum
1458 2023 1557 2095 saxo,
1585 2043 1620 2080 a

328 2125 439 2211 peritia
454 2137 486 2188 et
507 2145 609 2210 pugna
626 2143 694 2187 cum
706 2127 860 2189 Biornone
877 2149 952 2213 quo-
1010 2129 1096 2210 gibcs
1107 2153 1165 2190 non
1182 2135 1241 2192 nisi
1261 2133 1291 2190 in
1305 2151 1453 2215 compare-t
1468 2151 1551 2190 arma
1565 2149 1621 2188 con·

328 2231 400 2301 dam
413 2231 460 2296 bia
472 2231 566 2308 inita,
593 2229 646 2294 aed
671 2229 891 2316 exituquidcm
906 2234 951 2298 di·
1010 2256 1123 2316 gruere.
1184 2234 1302 2298 Eodem
1329 2231 1422 2308 modo
1449 2235 1620 2295 Hunnorum

326 2357 429 2410 ‚rcrsn
737 2391 740 2396 .
1013 2357 1066 2404 rex
1084 2339 1252 2426 respondit¹
1269 2343 1446 2408 Westuraro
1467 2356 1499 2400 se
1522 2335 1559 2400 ad
1575 2357 1621 2420 pu·

377 2447 543 2528 ¹Sequiorr's
556 2445 667 2505 ordinir
677 2442 753 2524 viro]
761 2445 812 2510 Sic
825 2447 949 2508 omnino
1011 2465 1102 2528 guam
1119 2443 1315 2530 provocanti,
1338 2443 1398 2506 rid.
1416 2465 1505 2530 supr.
1517 2466 1548 2528 p.
1566 2437 1621 2504 166.

331 2547 491 2634 legendum
511 2548 644 2612 arbitror
655 2573 712 2634 pro
732 2571 778 2629 eo,
790 2549 871 2636 quod
888 2551 950 2636 pri·
1013 2550 1064 2629 (S)

323 2667 398 2717 'crea
428 2668 683 2741 repraesentarunt
718 2655 875 2735 editiones,
905 2683 948 2719 se·
1055 2651 1621 2740 ²Clrordoe]1tarecteomninoposcit

330 2766 454 2846 questrir
475 2763 587 2846 ordiris
605 2769 677 2825 ciro.
731 2763 808 2862 Quis
827 2762 949 2840 etenim,
967 2767 971 2774 '
1009 2761 1191 2846 stephanius
1204 2783 1263 2846 pro
1279 2764 1388 2834 cordis,
1414 2782 1505 2846 quam
1527 2759 1621 2822 lectio

328 2878 490 2951 queunte,
511 2867 561 2930 air
583 2873 737 2953 sequestris
762 2881 808 2932 est
830 2870 968 2930 ordrici.
1009 2885 1080 2929 nem
1094 2864 1255 2930 manifesto
1266 2885 1371 2944 onore
1397 2865 1491 2930 habet
1512 2864 1623 2948 Edpr.

326 2975 425 3038 lione
444 2971 535 3054 dicar,
553 2974 681 3038 eandem
702 2994 772 3038 erae·
786 2995 821 3038 ac
846 2991 951 3061 reque·
1058 2975 1205 3038 ’Ctordoe
1227 2997 1339 3038 surana
1371 2969 1538 3058 transfert]
1563 2973 1622 3036 Hoc

323 3091 423 3160 ¹atrurn
444 3092 477 3144 et
499 3081 654 3146 arbitrum.
713 3082 746 3146 Si
774 3079 806 3144 id
826 3093 951 3160 statuas,
1012 3091 1076 3155 est,
1091 3098 1263 3164 supremam
1275 3075 1370 3156 nervi,
1390 3097 1555 3162 queamus
1566 3090 1623 3142 tra-

292 3183 399 3264 'toto
426 3185 546 3250 aberras
579 3188 675 3251 coelo.
733 3191 810 3250 Nam
835 3187 950 3252 Biimc
1000 3184 1113 3262 ditur,
1133 3168 1259 3269 ‚pa‘rtem
1283 3183 1439 3246 transfixit.
1495 3184 1547 3247 Sic
1568 3183 1623 3266 ipae

330 3308 518 3376 nequaquam
533 3310 572 3380 se
601 3305 744 3378 tanquam
759 3303 951 3382 ¹sequestrem
1011 3293 1090 3354 Saxo
1112 3287 1193 3354 infra
1222 3287 1290 3353 Lib.
1321 3291 1404 3354 vlit:
1445 3293 1558 3353 aneso
1578 3309 1623 3374 per

331 3406 382 3458 ant
395 3395 542 3460 arbitrum
561 3397 753 3484 interposuit,
776 3412 809 3461 ut
833 3397 950 3461 Fridle-
977 3386 981 3394 ’
1011 3399 1148 3459 chordam
1161 3399 1271 3483 spiculo
1283 3398 1396 3479 trajicit
1409 3395 1461 3476 (S)

329 3521 402 3564 vum
423 3515 453 3564 et
473 3505 612 3567 dnoncm
631 3506 663 3568 in
684 3505 812 3590 gratiam
825 3501 949 3566 reduce·
1055 3507 1183 3565 ‘Altera
1203 3527 1269 3564 mox
1286 3503 1401 3586 sagitta
1423 3525 1516 3564 comes
1533 3497 1625 3562 radiis

321 3619 388 3686 ret,
408 3607 457 3670 vel
471 3607 585 3692 dejure
598 3612 823 3694 provocationis
836 3619 950 3694 cogno·
1012 3611 1171 3694 digitorum
1189 3601 1322 3692 condyli}
1339 3611 1468 3695 t'trrpaeta
1483 3597 1624 3680 succurri]

318 3725 442 3776 ¹noaret..
490 3713 650 3777 Nonnullis
674 3715 742 3778 heic
764 3715 880 3801 placuit
901 3734 950 3778 re·
1009 3711 1430 3798 Excoujccturaflteplraniaa
1441 3710 1545 3797 pcamt
1566 3732 1625 3772 coa·

329 3837 445 3906 ponere
466 3826 605 3904 equestris
632 3823 745 3884 ordtin's
766 3828 838 3886 viro.
889 3819 950 3884 Sed
1010 3823 1088 3906 clylia
1102 3823 1321 3905 proccnclusis,
1338 3841 1407 3904 quat
1421 3819 1514 3882 lectio
1526 3816 1626 3884 editio·

318 3939 363 4003 ,at
386 3927 433 3991 illi
459 3925 624 4006 falluntur3
637 3928 752 3992 Bitirno
788 3927 867 3993 enim
886 3947 948 3990 non
990 3923 1532 4012 ,.niaprincipisaentcmlocitnrhat.
1554 3925 1626 3985 Gon·

330 4032 389 4099 suit
415 4009 463 4098 vii*
485 4035 632 4118 equestria
658 4032 830 4118 dignitatis,
864 4033 950 4117 cujus
1011 4031 1073 4115 dyli
1088 4043 1159 4096 aunt
1176 4030 1296 4094 articuli
1315 4029 1527 4094 eminentesin
1543 4047 1626 4092 manu

330 4163 416 4206 utam
435 4141 519 4206 nulla
537 4153 611 4206 tunc
625 4140 770 4224 temporis
791 4139 869 4225 apud
893 4161 949 4204 no-
1011 4138 1044 4202 in
1072 4159 1208 4224 pugnum
1234 4149 1399 4200 contracta.
1480 4132 1626 4202 Sententia

318 4259 409 4320 ¹atros
452 4245 703 4312 constetadinum
735 4243 951 4332 frequentabat
1009 4245 1126 4310 autoris
1134 4245 1201 4308 hac
1213 4262 1276 4306 ease
1290 4239 1427 4316 ridetur:
1447 4245 1540 4310 altera
1549 4243 1627 4304 Ano·

329 4353 508 4433 aunuum,
550 4371 657 4417 rerum
686 4352 790 4436 potina
816 4350 952 4416 Fridleri
1011 4351 1059 4414 nis
1073 4351 1182 4434 sagitta
1200 4369 1352 4434 pugnum,
1377 4370 1439 4434 quo
1452 4352 1564 4414 Bitirno
1579 4367 1627 4408 ar·

315 4461 440 4526 -atteola
459 4460 681 4527 etcoumittw.
727 4458 803 4524 uiti
816 4478 890 4524 vero
906 4460 951 4524 vir
1011 4477 1080 4522 cum
1094 4455 1202 4535 tenuit,
1218 4455 1349 4520 medium
1367 4457 1452 4519 rasit.
1501 4451 1628 4520 omui-

315 4568 441 4630 .crdinia
451 4572 591 4649 aequiora}
611 4587 670 4651 pro
688 4565 863 4632 obscuriore
880 4567 950 4630 loco
1002 4563 1248 4630 ,crementiam
1273 4563 1315 4626 ita
1351 4563 1498 4648 expressit
1513 4558 1628 4640 (itania

274 4681 276 4684 ’
330 4681 403 4738 natu
422 4683 454 4733 st
471 4670 586 4735 vilioris
606 4672 696 4736 sortis
716 4689 751 4734 ac
765 4670 949 4746 conditionis
1012 4670 1091 4734 tint
1107 4694 1136 4755 p.
1153 4668 1217 4747 22.)
1265 4673 1399 4734 Alteram
1413 4668 1627 4749 demdeyircrers

313 4776 452 4844 nomine
487 4777 600 4840 tectim
637 4777 697 4842 dici
719 4779 846 4844 ridetur.
908 4785 949 4846 Et
1012 4781 1172 4861 digitorum
1191 4779 1431 4863 intercapedinem
1450 4777 1589 4838 transsire.
