<?xml version="1.0" encoding="UTF-8"?>
<!DOCTYPE html PUBLIC "-//W3C//DTD XHTML 1.0 Transitional//EN"
    "http://www.w3.org/TR/xhtml1/DTD/xhtml1-transitional.dtd">
<html xmlns="http://www.w3.org/1999/xhtml" xml:lang="en" lang="en">
 <head>
  <title>
</title>
<meta http-equiv="Content-Type" content="text/html;charset=utf-8" />
  <meta name='ocr-system' content='tesseract 3.04.00' />
  <meta name='ocr-capabilities' content='ocr_page ocr_carea ocr_par ocr_line ocrx_word'/>
</head>
<body>
  <div class='ocr_page' id='page_1' title='image "./historiadanica00velsgoog_0150.png"; bbox 0 0 3520 5462; ppageno 0'>
   <div class='ocr_carea' id='block_1_1' title="bbox 652 317 1430 424">
    <p class='ocr_par' dir='ltr' id='par_1_1' title="bbox 652 317 1430 424">
     <span class='ocr_line' id='line_1_1' title="bbox 652 317 1430 424; baseline 0.012 -11"><span class='ocrx_word' id='word_1_1' title='bbox 652 341 907 413; x_wconf 78' lang='lat' dir='ltr'><strong>auruncus.</strong></span> <span class='ocrx_word' id='word_1_2' title='bbox 1036 362 1039 371; x_wconf 96' lang='lat'>·</span> <span class='ocrx_word' id='word_1_3' title='bbox 1306 349 1376 424; x_wconf 78' lang='lat' dir='ltr'><strong>teo</strong></span> <span class='ocrx_word' id='word_1_4' title='bbox 1425 317 1430 328; x_wconf 75' lang='grc'><strong>“</strong></span> 
     </span>
    </p>
   </div>
   <div class='ocr_carea' id='block_1_2' title="bbox 123 547 1530 4334">
    <p class='ocr_par' dir='ltr' id='par_1_2' title="bbox 123 547 1530 3966">
     <span class='ocr_line' id='line_1_2' title="bbox 124 547 1522 653; baseline 0.006 -28"><span class='ocrx_word' id='word_1_5' title='bbox 124 555 236 653; x_wconf 67' lang='lat' dir='ltr'><strong>Cupis</strong></span> <span class='ocrx_word' id='word_1_6' title='bbox 252 557 359 626; x_wconf 60' lang='lat' dir='ltr'><strong>fflam</strong></span> <span class='ocrx_word' id='word_1_7' title='bbox 380 550 516 650; x_wconf 89' lang='lat' dir='ltr'><strong>pedum</strong></span> <span class='ocrx_word' id='word_1_8' title='bbox 539 550 667 626; x_wconf 85' lang='lat' dir='ltr'><strong>sordes</strong></span> <span class='ocrx_word' id='word_1_9' title='bbox 689 553 852 626; x_wconf 79' lang='lat' dir='ltr'><strong>serotinis</strong></span> <span class='ocrx_word' id='word_1_10' title='bbox 868 547 965 625; x_wconf 90' lang='lat' dir='ltr'><strong>boris</strong></span> <span class='ocrx_word' id='word_1_11' title='bbox 989 547 1137 636; x_wconf 79' lang='lat' dir='ltr'>abluere</span> <span class='ocrx_word' id='word_1_12' title='bbox 1154 551 1302 630; x_wconf 76' lang='lat' dir='ltr'><strong>solebat.</strong></span> <span class='ocrx_word' id='word_1_13' title='bbox 1360 559 1428 632; x_wconf 87' lang='lat' dir='ltr'><strong>Li·-</strong></span> <span class='ocrx_word' id='word_1_14' title='bbox 1519 551 1522 558; x_wconf 47' lang='lat'><strong>⁴</strong></span> 
     </span>
     <span class='ocr_line' id='line_1_3' title="bbox 123 671 1429 778; baseline 0.006 -30"><span class='ocrx_word' id='word_1_15' title='bbox 123 675 226 750; x_wconf 80' lang='lat' dir='ltr'><strong>cebet</strong></span> <span class='ocrx_word' id='word_1_16' title='bbox 246 698 398 776; x_wconf 89' lang='lat' dir='ltr'><strong>quoque</strong></span> <span class='ocrx_word' id='word_1_17' title='bbox 419 671 608 773; x_wconf 77' lang='lat' dir='ltr'><strong>lympham</strong></span> <span class='ocrx_word' id='word_1_18' title='bbox 630 673 786 773; x_wconf 85' lang='lat' dir='ltr'><strong>pedibus</strong></span> <span class='ocrx_word' id='word_1_19' title='bbox 801 677 1009 748; x_wconf 75' lang='lat' dir='ltr'><strong>ministranti</strong></span> <span class='ocrx_word' id='word_1_20' title='bbox 1032 697 1134 748; x_wconf 90' lang='lat' dir='ltr'><strong>suras</strong></span> <span class='ocrx_word' id='word_1_21' title='bbox 1162 699 1204 749; x_wconf 91' lang='lat' dir='ltr'><strong>ac</strong></span> <span class='ocrx_word' id='word_1_22' title='bbox 1224 682 1429 778; x_wconf 80' lang='lat' dir='ltr'><strong>superiores</strong></span> 
     </span>
     <span class='ocr_line' id='line_1_4' title="bbox 124 796 1429 902; baseline 0.005 -34"><span class='ocrx_word' id='word_1_23' title='bbox 124 797 302 872; x_wconf 80' lang='lat' dir='ltr'><strong>semorum</strong></span> <span class='ocrx_word' id='word_1_24' title='bbox 326 813 447 897; x_wconf 88' lang='lat' dir='ltr'><strong>partes</strong></span> <span class='ocrx_word' id='word_1_25' title='bbox 471 799 688 896; x_wconf 74' lang='lat' dir='ltr'><strong>confingere.</strong></span> <span class='ocrx_word' id='word_1_26' title='bbox 767 801 813 868; x_wconf 88' lang='lat' dir='ltr'><strong>At</strong></span> <span class='ocrx_word' id='word_1_27' title='bbox 835 796 1007 895; x_wconf 88' lang='lat' dir='ltr'><strong>quoniam</strong></span> <span class='ocrx_word' id='word_1_28' title='bbox 1032 803 1131 871; x_wconf 87' lang='lat' dir='ltr'><strong>vario</strong></span> <span class='ocrx_word' id='word_1_29' title='bbox 1153 798 1295 886; x_wconf 80' lang='lat' dir='ltr'><strong>fortuna</strong></span> <span class='ocrx_word' id='word_1_30' title='bbox 1321 827 1429 902; x_wconf 89' lang='lat' dir='ltr'><strong>passu</strong></span> 
     </span>
     <span class='ocr_line' id='line_1_5' title="bbox 123 917 1430 1019; baseline 0.004 -24"><span class='ocrx_word' id='word_1_31' title='bbox 123 919 294 1019; x_wconf 76' lang='lat' dir='ltr'><strong>graditur,</strong></span> <span class='ocrx_word' id='word_1_32' title='bbox 318 918 421 1018; x_wconf 86' lang='lat' dir='ltr'><strong>qood</strong></span> <span class='ocrx_word' id='word_1_33' title='bbox 436 935 512 993; x_wconf 89' lang='lat' dir='ltr'><strong>arte</strong></span> <span class='ocrx_word' id='word_1_34' title='bbox 533 935 744 1017; x_wconf 89' lang='lat' dir='ltr'><strong>promptum</strong></span> <span class='ocrx_word' id='word_1_35' title='bbox 756 943 832 992; x_wconf 88' lang='lat' dir='ltr'><strong>non</strong></span> <span class='ocrx_word' id='word_1_36' title='bbox 848 933 934 1009; x_wconf 88' lang='lat' dir='ltr'><strong>erat,</strong></span> <span class='ocrx_word' id='word_1_37' title='bbox 959 921 995 990; x_wconf 89' lang='lat' dir='ltr'><strong>iu</strong></span> <span class='ocrx_word' id='word_1_38' title='bbox 1017 917 1185 1019; x_wconf 82' lang='lat' dir='ltr'><strong>expedito</strong></span> <span class='ocrx_word' id='word_1_39' title='bbox 1208 945 1313 998; x_wconf 88' lang='lat' dir='ltr'><strong>casus</strong></span> <span class='ocrx_word' id='word_1_40' title='bbox 1336 951 1430 1000; x_wconf 89' lang='lat' dir='ltr'><strong>con-</strong></span> 
     </span>
     <span class='ocr_line' id='line_1_6' title="bbox 124 1039 1430 1142; baseline 0.006 -26"><span class='ocrx_word' id='word_1_41' title='bbox 124 1045 243 1116; x_wconf 85' lang='lat' dir='ltr'><strong>stituit.</strong></span> <span class='ocrx_word' id='word_1_42' title='bbox 303 1041 441 1116; x_wconf 84' lang='lat' dir='ltr'><strong>Accidit</strong></span> <span class='ocrx_word' id='word_1_43' title='bbox 464 1047 572 1135; x_wconf 88' lang='lat' dir='ltr'><strong>enim,</strong></span> <span class='ocrx_word' id='word_1_44' title='bbox 589 1039 749 1140; x_wconf 87' lang='lat' dir='ltr'><strong>puellam</strong></span> <span class='ocrx_word' id='word_1_45' title='bbox 771 1041 935 1139; x_wconf 88' lang='lat' dir='ltr'><strong>corporis</strong></span> <span class='ocrx_word' id='word_1_46' title='bbox 950 1039 1116 1115; x_wconf 83' lang='lat' dir='ltr'><strong>finnitate</strong></span> <span class='ocrx_word' id='word_1_47' title='bbox 1134 1042 1329 1142; x_wconf 86' lang='lat' dir='ltr'><strong>desectam,</strong></span> <span class='ocrx_word' id='word_1_48' title='bbox 1353 1057 1430 1126; x_wconf 86' lang='lat' dir='ltr'><strong>cir-</strong></span> 
     </span>
     <span class='ocr_line' id='line_1_7' title="bbox 124 1161 1431 1274; baseline 0.005 -36"><span class='ocrx_word' id='word_1_49' title='bbox 124 1169 341 1263; x_wconf 84' lang='lat' dir='ltr'><strong>cumspectis</strong></span> <span class='ocrx_word' id='word_1_50' title='bbox 362 1163 483 1238; x_wconf 87' lang='lat' dir='ltr'><strong>morbi</strong></span> <span class='ocrx_word' id='word_1_51' title='bbox 513 1161 700 1253; x_wconf 84' lang='lat' dir='ltr'><strong>remediis,</strong></span> <span class='ocrx_word' id='word_1_52' title='bbox 731 1171 768 1236; x_wconf 85' lang='lat' dir='ltr'><strong>in</strong></span> <span class='ocrx_word' id='word_1_53' title='bbox 788 1161 912 1238; x_wconf 73' lang='lat' dir='ltr'><strong>aduris</strong></span> <span class='ocrx_word' id='word_1_54' title='bbox 926 1163 1133 1262; x_wconf 76' lang='lat' dir='ltr'><strong>presidium</strong></span> <span class='ocrx_word' id='word_1_55' title='bbox 1158 1191 1303 1265; x_wconf 84' lang='lat' dir='ltr'><strong>manus,</strong></span> <span class='ocrx_word' id='word_1_56' title='bbox 1339 1201 1431 1274; x_wconf 83' lang='lat' dir='ltr'><strong>quas</strong></span> 
     </span>
     <span class='ocr_line' id='line_1_8' title="bbox 125 1284 1430 1392; baseline 0.011 -35"><span class='ocrx_word' id='word_1_57' title='bbox 125 1301 205 1358; x_wconf 85' lang='lat' dir='ltr'><strong>aute</strong></span> <span class='ocrx_word' id='word_1_58' title='bbox 219 1284 461 1380; x_wconf 81' lang='lat' dir='ltr'><strong>damnaverat,</strong></span> <span class='ocrx_word' id='word_1_59' title='bbox 484 1285 685 1378; x_wconf 87' lang='lat' dir='ltr'><strong>advocare,</strong></span> <span class='ocrx_word' id='word_1_60' title='bbox 710 1309 893 1386; x_wconf 86' lang='lat' dir='ltr'><strong>quemque</strong></span> <span class='ocrx_word' id='word_1_61' title='bbox 918 1309 1062 1386; x_wconf 86' lang='lat' dir='ltr'><strong>semper</strong></span> <span class='ocrx_word' id='word_1_62' title='bbox 1087 1287 1229 1364; x_wconf 79' lang='lat' dir='ltr'><strong>fastidio</strong></span> <span class='ocrx_word' id='word_1_63' title='bbox 1244 1291 1430 1392; x_wconf 85' lang='lat' dir='ltr'><strong>babuerat,</strong></span> 
     </span>
     <span class='ocr_line' id='line_1_9' title="bbox 125 1407 1430 1518; baseline 0.005 -32"><span class='ocrx_word' id='word_1_64' title='bbox 125 1427 344 1486; x_wconf 81' lang='lat' dir='ltr'><strong>serratmem</strong></span> <span class='ocrx_word' id='word_1_65' title='bbox 360 1407 567 1486; x_wconf 84' lang='lat' dir='ltr'><strong>adsciscere.</strong></span> <span class='ocrx_word' id='word_1_66' title='bbox 625 1413 695 1504; x_wconf 83' lang='lat' dir='ltr'><strong>Qui</strong></span> <span class='ocrx_word' id='word_1_67' title='bbox 710 1412 886 1484; x_wconf 83' lang='lat' dir='ltr'><strong>curiosius</strong></span> <span class='ocrx_word' id='word_1_68' title='bbox 903 1425 1032 1484; x_wconf 78' lang='lat' dir='ltr'><strong>ctmcta</strong></span> <span class='ocrx_word' id='word_1_69' title='bbox 1050 1408 1184 1486; x_wconf 89' lang='lat' dir='ltr'><strong>doloris</strong></span> <span class='ocrx_word' id='word_1_70' title='bbox 1197 1411 1325 1488; x_wconf 87' lang='lat' dir='ltr'><strong>indicia</strong></span> <span class='ocrx_word' id='word_1_71' title='bbox 1340 1445 1430 1518; x_wconf 88' lang='lat' dir='ltr'><strong>per-</strong></span> 
     </span>
     <span class='ocr_line' id='line_1_10' title="bbox 126 1534 1431 1642; baseline 0.008 -35"><span class='ocrx_word' id='word_1_72' title='bbox 126 1549 323 1626; x_wconf 85' lang='lat' dir='ltr'><strong>scrutatus,</strong></span> <span class='ocrx_word' id='word_1_73' title='bbox 348 1549 389 1608; x_wconf 90' lang='lat' dir='ltr'><strong>ut</strong></span> <span class='ocrx_word' id='word_1_74' title='bbox 410 1534 542 1609; x_wconf 90' lang='lat' dir='ltr'><strong>morbo</strong></span> <span class='ocrx_word' id='word_1_75' title='bbox 564 1535 833 1632; x_wconf 83' lang='lat' dir='ltr'><strong>quamprimum</strong></span> <span class='ocrx_word' id='word_1_76' title='bbox 859 1549 1125 1624; x_wconf 88' lang='lat' dir='ltr'><strong>occurreretur,</strong></span> <span class='ocrx_word' id='word_1_77' title='bbox 1157 1536 1332 1612; x_wconf 84' lang='lat' dir='ltr'><strong>medicata</strong></span> <span class='ocrx_word' id='word_1_78' title='bbox 1356 1568 1431 1642; x_wconf 92' lang='lat' dir='ltr'><strong>po-</strong></span> 
     </span>
     <span class='ocr_line' id='line_1_11' title="bbox 126 1651 1433 1754; baseline 0.011 -30"><span class='ocrx_word' id='word_1_79' title='bbox 126 1655 221 1730; x_wconf 89' lang='lat' dir='ltr'><strong>tione</strong></span> <span class='ocrx_word' id='word_1_80' title='bbox 236 1651 409 1730; x_wconf 77' lang='lat' dir='ltr'><strong>urendum</strong></span> <span class='ocrx_word' id='word_1_81' title='bbox 423 1660 592 1750; x_wconf 76' lang='lat' dir='ltr'><strong>asseruit3</strong></span> <span class='ocrx_word' id='word_1_82' title='bbox 617 1670 786 1729; x_wconf 82' lang='lat' dir='ltr'><strong>caeterum</strong></span> <span class='ocrx_word' id='word_1_83' title='bbox 800 1657 880 1754; x_wconf 78' lang='lat' dir='ltr'><strong>ejus</strong></span> <span class='ocrx_word' id='word_1_84' title='bbox 893 1652 1163 1754; x_wconf 66' lang='lat' dir='ltr'><strong>tuperamenti</strong></span> <span class='ocrx_word' id='word_1_85' title='bbox 1177 1673 1309 1735; x_wconf 68' lang='lat' dir='ltr'><strong>uniam</strong></span> <span class='ocrx_word' id='word_1_86' title='bbox 1323 1689 1433 1738; x_wconf 90' lang='lat' dir='ltr'><strong>acer-</strong></span> 
     </span>
     <span class='ocr_line' id='line_1_12' title="bbox 127 1759 1432 1876; baseline 0.01 -28"><span class='ocrx_word' id='word_1_87' title='bbox 127 1775 276 1852; x_wconf 86' lang='lat' dir='ltr'><strong>bitatem</strong></span> <span class='ocrx_word' id='word_1_88' title='bbox 288 1759 377 1870; x_wconf 81' lang='lat' dir='ltr'><strong>sore,</strong></span> <span class='ocrx_word' id='word_1_89' title='bbox 402 1795 452 1871; x_wconf 89' lang='lat' dir='ltr'><strong>ut,</strong></span> <span class='ocrx_word' id='word_1_90' title='bbox 467 1780 533 1852; x_wconf 87' lang='lat' dir='ltr'><strong>nisi</strong></span> <span class='ocrx_word' id='word_1_91' title='bbox 547 1776 670 1876; x_wconf 87' lang='lat' dir='ltr'><strong>puella</strong></span> <span class='ocrx_word' id='word_1_92' title='bbox 684 1774 835 1852; x_wconf 82' lang='lat' dir='ltr'><strong>vinculis</strong></span> <span class='ocrx_word' id='word_1_93' title='bbox 853 1799 893 1850; x_wconf 89' lang='lat' dir='ltr'><strong>se</strong></span> <span class='ocrx_word' id='word_1_94' title='bbox 909 1777 1160 1852; x_wconf 88' lang='lat' dir='ltr'><strong>continendam</strong></span> <span class='ocrx_word' id='word_1_95' title='bbox 1177 1775 1344 1875; x_wconf 86' lang='lat' dir='ltr'><strong>dedisset,</strong></span> <span class='ocrx_word' id='word_1_96' title='bbox 1359 1813 1432 1861; x_wconf 89' lang='lat' dir='ltr'><strong>cu-</strong></span> 
     </span>
     <span class='ocr_line' id='line_1_13' title="bbox 127 1899 1430 2001; baseline 0.007 -30"><span class='ocrx_word' id='word_1_97' title='bbox 127 1903 275 1974; x_wconf 77' lang='lat' dir='ltr'><strong>rationis</strong></span> <span class='ocrx_word' id='word_1_98' title='bbox 290 1903 363 1975; x_wconf 86' lang='lat' dir='ltr'><strong>virn</strong></span> <span class='ocrx_word' id='word_1_99' title='bbox 379 1899 541 2001; x_wconf 83' lang='lat' dir='ltr'><strong>perferre</strong></span> <span class='ocrx_word' id='word_1_100' title='bbox 554 1925 627 1973; x_wconf 93' lang='lat' dir='ltr'><strong>non</strong></span> <span class='ocrx_word' id='word_1_101' title='bbox 640 1913 772 2000; x_wconf 86' lang='lat' dir='ltr'><strong>posset.</strong></span> <span class='ocrx_word' id='word_1_102' title='bbox 840 1899 897 1972; x_wconf 81' lang='lat' dir='ltr'><strong>Ab</strong></span> <span class='ocrx_word' id='word_1_103' title='bbox 910 1901 1042 1975; x_wconf 89' lang='lat' dir='ltr'><strong>intimis</strong></span> <span class='ocrx_word' id='word_1_104' title='bbox 1057 1903 1151 1974; x_wconf 89' lang='lat' dir='ltr'><strong>enim</strong></span> <span class='ocrx_word' id='word_1_105' title='bbox 1184 1902 1286 1980; x_wconf 89' lang='lat' dir='ltr'><strong>fibris</strong></span> <span class='ocrx_word' id='word_1_106' title='bbox 1315 1911 1430 1982; x_wconf 86' lang='lat' dir='ltr'><strong>morbi</strong></span> 
     </span>
     <span class='ocr_line' id='line_1_14' title="bbox 129 2021 1530 2128; baseline 0.007 -32"><span class='ocrx_word' id='word_1_107' title='bbox 129 2021 412 2122; x_wconf 73' lang='lat' dir='ltr'><strong>propulsandam</strong></span> <span class='ocrx_word' id='word_1_108' title='bbox 427 2047 506 2098; x_wconf 89' lang='lat' dir='ltr'><strong>esse</strong></span> <span class='ocrx_word' id='word_1_109' title='bbox 522 2027 716 2098; x_wconf 87' lang='lat' dir='ltr'><strong>materiam.</strong></span> <span class='ocrx_word' id='word_1_110' title='bbox 778 2025 860 2116; x_wconf 88' lang='lat' dir='ltr'><strong>Quo</strong></span> <span class='ocrx_word' id='word_1_111' title='bbox 883 2039 987 2122; x_wconf 88' lang='lat' dir='ltr'><strong>pater</strong></span> <span class='ocrx_word' id='word_1_112' title='bbox 1014 2023 1137 2098; x_wconf 86' lang='lat' dir='ltr'><strong>audito</strong></span> <span class='ocrx_word' id='word_1_113' title='bbox 1161 2023 1272 2100; x_wconf 86' lang='lat' dir='ltr'><strong>filiam</strong></span> <span class='ocrx_word' id='word_1_114' title='bbox 1298 2031 1433 2128; x_wconf 79' lang='lat' dir='ltr'><strong>vincire</strong></span> <span class='ocrx_word' id='word_1_115' title='bbox 1523 2033 1530 2046; x_wconf 75' lang='grc'><strong>“</strong></span> 
     </span>
     <span class='ocr_line' id='line_1_15' title="bbox 128 2137 1432 2247; baseline 0.008 -29"><span class='ocrx_word' id='word_1_116' title='bbox 128 2169 202 2218; x_wconf 90' lang='lat' dir='ltr'><strong>non</strong></span> <span class='ocrx_word' id='word_1_117' title='bbox 215 2143 363 2239; x_wconf 75' lang='lat' dir='ltr'><strong>distrfflt,</strong></span> <span class='ocrx_word' id='word_1_118' title='bbox 387 2147 629 2247; x_wconf 84' lang='lat' dir='ltr'><strong>injectumque</strong></span> <span class='ocrx_word' id='word_1_119' title='bbox 642 2161 725 2220; x_wconf 90' lang='lat' dir='ltr'><strong>toro</strong></span> <span class='ocrx_word' id='word_1_120' title='bbox 744 2141 791 2218; x_wconf 90' lang='lat' dir='ltr'><strong>ad</strong></span> <span class='ocrx_word' id='word_1_121' title='bbox 806 2137 936 2236; x_wconf 83' lang='lat' dir='ltr'><strong>omnia,</strong></span> <span class='ocrx_word' id='word_1_122' title='bbox 961 2169 1045 2245; x_wconf 76' lang='lat' dir='ltr'><strong>quae</strong></span> <span class='ocrx_word' id='word_1_123' title='bbox 1060 2145 1222 2222; x_wconf 86' lang='lat' dir='ltr'><strong>medicus</strong></span> <span class='ocrx_word' id='word_1_124' title='bbox 1243 2147 1432 2228; x_wconf 82' lang='lat' dir='ltr'><strong>admovis-</strong></span> 
     </span>
     <span class='ocr_line' id='line_1_16' title="bbox 129 2263 1433 2373; baseline 0.005 -29"><span class='ocrx_word' id='word_1_125' title='bbox 129 2283 195 2360; x_wconf 82' lang='lat' dir='ltr'><strong>set,</strong></span> <span class='ocrx_word' id='word_1_126' title='bbox 217 2271 423 2368; x_wconf 87' lang='lat' dir='ltr'><strong>patientiam</strong></span> <span class='ocrx_word' id='word_1_127' title='bbox 445 2284 615 2368; x_wconf 75' lang='lat' dir='ltr'><strong>praestare</strong></span> <span class='ocrx_word' id='word_1_128' title='bbox 636 2267 750 2367; x_wconf 83' lang='lat' dir='ltr'><strong>jussit</strong></span> <span class='ocrx_word' id='word_1_129' title='bbox 811 2263 974 2342; x_wconf 75' lang='lat' dir='ltr'><strong>Pellebat</strong></span> <span class='ocrx_word' id='word_1_130' title='bbox 997 2265 1097 2342; x_wconf 87' lang='lat' dir='ltr'><strong>illum</strong></span> <span class='ocrx_word' id='word_1_131' title='bbox 1119 2269 1274 2344; x_wconf 82' lang='lat' dir='ltr'><strong>saerninci</strong></span> <span class='ocrx_word' id='word_1_132' title='bbox 1294 2277 1433 2373; x_wconf 90' lang='lat' dir='ltr'><strong>species</strong></span> 
     </span>
     <span class='ocr_line' id='line_1_17' title="bbox 130 2386 1433 2492; baseline 0.007 -30"><span class='ocrx_word' id='word_1_133' title='bbox 130 2387 264 2482; x_wconf 85' lang='lat' dir='ltr'><strong>cultus,</strong></span> <span class='ocrx_word' id='word_1_134' title='bbox 290 2417 366 2492; x_wconf 90' lang='lat' dir='ltr'><strong>quo</strong></span> <span class='ocrx_word' id='word_1_135' title='bbox 381 2415 490 2468; x_wconf 84' lang='lat' dir='ltr'><strong>senex</strong></span> <span class='ocrx_word' id='word_1_136' title='bbox 502 2389 550 2464; x_wconf 89' lang='lat' dir='ltr'><strong>ad</strong></span> <span class='ocrx_word' id='word_1_137' title='bbox 575 2386 866 2464; x_wconf 88' lang='lat' dir='ltr'><strong>obumbrandam</strong></span> <span class='ocrx_word' id='word_1_138' title='bbox 883 2396 968 2466; x_wconf 87' lang='lat' dir='ltr'><strong>artis</strong></span> <span class='ocrx_word' id='word_1_139' title='bbox 989 2415 1064 2466; x_wconf 86' lang='lat' dir='ltr'><strong>scae</strong></span> <span class='ocrx_word' id='word_1_140' title='bbox 1086 2393 1326 2490; x_wconf 86' lang='lat' dir='ltr'><strong>pervicaciam</strong></span> <span class='ocrx_word' id='word_1_141' title='bbox 1347 2413 1433 2471; x_wconf 88' lang='lat' dir='ltr'><strong>ute-</strong></span> 
     </span>
     <span class='ocr_line' id='line_1_18' title="bbox 130 2511 1433 2614; baseline 0.008 -31"><span class='ocrx_word' id='word_1_142' title='bbox 130 2511 259 2610; x_wconf 78' lang='lat' dir='ltr'><strong>batur3</strong></span> <span class='ocrx_word' id='word_1_143' title='bbox 282 2537 440 2614; x_wconf 83' lang='lat' dir='ltr'><strong>quaeres</strong></span> <span class='ocrx_word' id='word_1_144' title='bbox 464 2511 713 2588; x_wconf 85' lang='lat' dir='ltr'><strong>medicamenti</strong></span> <span class='ocrx_word' id='word_1_145' title='bbox 732 2517 889 2611; x_wconf 82' lang='lat' dir='ltr'><strong>speciem</strong></span> <span class='ocrx_word' id='word_1_146' title='bbox 911 2512 960 2587; x_wconf 90' lang='lat' dir='ltr'><strong>nd</strong></span> <span class='ocrx_word' id='word_1_147' title='bbox 980 2519 1094 2614; x_wconf 87' lang='lat' dir='ltr'><strong>stupri</strong></span> <span class='ocrx_word' id='word_1_148' title='bbox 1118 2513 1294 2590; x_wconf 87' lang='lat' dir='ltr'><strong>licentiam</strong></span> <span class='ocrx_word' id='word_1_149' title='bbox 1311 2533 1433 2595; x_wconf 89' lang='lat' dir='ltr'><strong>trans-</strong></span> 
     </span>
     <span class='ocr_line' id='line_1_19' title="bbox 129 2631 1434 2736; baseline 0.007 -29"><span class='ocrx_word' id='word_1_150' title='bbox 129 2631 220 2708; x_wconf 85' lang='lat' dir='ltr'><strong>tulit.</strong></span> <span class='ocrx_word' id='word_1_151' title='bbox 270 2635 433 2711; x_wconf 88' lang='lat' dir='ltr'><strong>Medicus</strong></span> <span class='ocrx_word' id='word_1_152' title='bbox 447 2659 623 2736; x_wconf 84' lang='lat' dir='ltr'><strong>namque,</strong></span> <span class='ocrx_word' id='word_1_153' title='bbox 647 2638 786 2709; x_wconf 88' lang='lat' dir='ltr'><strong>veneris</strong></span> <span class='ocrx_word' id='word_1_154' title='bbox 803 2637 994 2710; x_wconf 86' lang='lat' dir='ltr'><strong>occasione</strong></span> <span class='ocrx_word' id='word_1_155' title='bbox 1009 2651 1170 2736; x_wconf 87' lang='lat' dir='ltr'><strong>sumpta,</strong></span> <span class='ocrx_word' id='word_1_156' title='bbox 1203 2655 1338 2716; x_wconf 86' lang='lat' dir='ltr'><strong>mutato</strong></span> <span class='ocrx_word' id='word_1_157' title='bbox 1360 2666 1434 2715; x_wconf 79' lang='lat' dir='ltr'><strong>cu-</strong></span> 
     </span>
     <span class='ocr_line' id='line_1_20' title="bbox 129 2746 1434 2859; baseline 0.008 -31"><span class='ocrx_word' id='word_1_158' title='bbox 129 2757 275 2831; x_wconf 83' lang='lat' dir='ltr'><strong>rationis</strong></span> <span class='ocrx_word' id='word_1_159' title='bbox 289 2759 417 2850; x_wconf 76' lang='lat' dir='ltr'><strong>offino,</strong></span> <span class='ocrx_word' id='word_1_160' title='bbox 440 2746 543 2858; x_wconf 83' lang='lat' dir='ltr'><strong>prius</strong></span> <span class='ocrx_word' id='word_1_161' title='bbox 558 2755 825 2832; x_wconf 79' lang='lat' dir='ltr'><strong>adexercendae</strong></span> <span class='ocrx_word' id='word_1_162' title='bbox 847 2757 1014 2850; x_wconf 85' lang='lat' dir='ltr'><strong>libidinis,</strong></span> <span class='ocrx_word' id='word_1_163' title='bbox 1040 2779 1150 2858; x_wconf 59' lang='lat' dir='ltr'><strong>mam</strong></span> <span class='ocrx_word' id='word_1_164' title='bbox 1174 2760 1351 2859; x_wconf 70' lang='lat' dir='ltr'><strong>pellendae</strong></span> <span class='ocrx_word' id='word_1_165' title='bbox 1373 2765 1434 2838; x_wconf 85' lang='lat' dir='ltr'><strong>le-</strong></span> 
     </span>
     <span class='ocr_line' id='line_1_21' title="bbox 130 2875 1433 2986; baseline 0.009 -36"><span class='ocrx_word' id='word_1_166' title='bbox 130 2875 207 2954; x_wconf 89' lang='lat' dir='ltr'><strong>bris</strong></span> <span class='ocrx_word' id='word_1_167' title='bbox 230 2883 415 2980; x_wconf 71' lang='lat' dir='ltr'><strong>negotim</strong></span> <span class='ocrx_word' id='word_1_168' title='bbox 430 2881 622 2980; x_wconf 87' lang='lat' dir='ltr'><strong>procurrit,</strong></span> <span class='ocrx_word' id='word_1_169' title='bbox 635 2879 785 2982; x_wconf 79' lang='lat' dir='ltr'><strong>adversa</strong></span> <span class='ocrx_word' id='word_1_170' title='bbox 810 2879 943 2979; x_wconf 84' lang='lat' dir='ltr'><strong>puellae</strong></span> <span class='ocrx_word' id='word_1_171' title='bbox 963 2880 1167 2958; x_wconf 78' lang='lat' dir='ltr'><strong>valetudine</strong></span> <span class='ocrx_word' id='word_1_172' title='bbox 1191 2907 1295 2976; x_wconf 89' lang='lat' dir='ltr'><strong>usus,</strong></span> <span class='ocrx_word' id='word_1_173' title='bbox 1328 2888 1433 2986; x_wconf 88' lang='lat' dir='ltr'><strong>cujus</strong></span> 
     </span>
     <span class='ocr_line' id='line_1_22' title="bbox 130 3001 1434 3108; baseline 0.004 -30"><span class='ocrx_word' id='word_1_174' title='bbox 130 3001 307 3078; x_wconf 81' lang='lat' dir='ltr'><strong>inimicam</strong></span> <span class='ocrx_word' id='word_1_175' title='bbox 320 3003 392 3078; x_wconf 85' lang='lat' dir='ltr'><strong>sibi</strong></span> <span class='ocrx_word' id='word_1_176' title='bbox 412 3003 687 3078; x_wconf 89' lang='lat' dir='ltr'><strong>incolumitatem</strong></span> <span class='ocrx_word' id='word_1_177' title='bbox 710 3014 878 3102; x_wconf 77' lang='lat' dir='ltr'><strong>expertus</strong></span> <span class='ocrx_word' id='word_1_178' title='bbox 892 3003 1018 3078; x_wconf 79' lang='lat' dir='ltr'><strong>iuerat</strong></span> <span class='ocrx_word' id='word_1_179' title='bbox 1076 3001 1191 3080; x_wconf 75' lang='lat' dir='ltr'><strong>Aliam</strong></span> <span class='ocrx_word' id='word_1_180' title='bbox 1217 3031 1366 3108; x_wconf 88' lang='lat' dir='ltr'><strong>quoque</strong></span> <span class='ocrx_word' id='word_1_181' title='bbox 1391 3035 1434 3084; x_wconf 85' lang='lat' dir='ltr'><strong>ea</strong></span> 
     </span>
     <span class='ocr_line' id='line_1_23' title="bbox 130 3125 1435 3231; baseline 0.005 -31"><span class='ocrx_word' id='word_1_182' title='bbox 130 3125 179 3200; x_wconf 90' lang='lat' dir='ltr'><strong>de</strong></span> <span class='ocrx_word' id='word_1_183' title='bbox 198 3150 240 3202; x_wconf 85' lang='lat' dir='ltr'><strong>re</strong></span> <span class='ocrx_word' id='word_1_184' title='bbox 269 3131 473 3227; x_wconf 87' lang='lat' dir='ltr'><strong>opinionem</strong></span> <span class='ocrx_word' id='word_1_185' title='bbox 501 3125 691 3201; x_wconf 85' lang='lat' dir='ltr'><strong>subtexere</strong></span> <span class='ocrx_word' id='word_1_186' title='bbox 718 3151 789 3199; x_wconf 91' lang='lat' dir='ltr'><strong>uon</strong></span> <span class='ocrx_word' id='word_1_187' title='bbox 814 3126 962 3227; x_wconf 78' lang='lat' dir='ltr'><strong>pigebit.</strong></span> <span class='ocrx_word' id='word_1_188' title='bbox 1028 3131 1135 3202; x_wconf 82' lang='lat' dir='ltr'><strong>Aiunt</strong></span> <span class='ocrx_word' id='word_1_189' title='bbox 1158 3131 1252 3202; x_wconf 88' lang='lat' dir='ltr'><strong>enim</strong></span> <span class='ocrx_word' id='word_1_190' title='bbox 1275 3131 1435 3231; x_wconf 83' lang='lat' dir='ltr'><strong>quidam,</strong></span> 
     </span>
     <span class='ocr_line' id='line_1_24' title="bbox 131 3245 1435 3348; baseline 0.004 -24"><span class='ocrx_word' id='word_1_191' title='bbox 131 3249 246 3348; x_wconf 87' lang='lat' dir='ltr'><strong>quod,</strong></span> <span class='ocrx_word' id='word_1_192' title='bbox 266 3275 350 3324; x_wconf 90' lang='lat' dir='ltr'><strong>cum</strong></span> <span class='ocrx_word' id='word_1_193' title='bbox 363 3275 426 3324; x_wconf 83' lang='lat' dir='ltr'><strong>rex</strong></span> <span class='ocrx_word' id='word_1_194' title='bbox 450 3245 672 3324; x_wconf 87' lang='lat' dir='ltr'><strong>laborantem</strong></span> <span class='ocrx_word' id='word_1_195' title='bbox 696 3273 819 3322; x_wconf 89' lang='lat' dir='ltr'><strong>amore</strong></span> <span class='ocrx_word' id='word_1_196' title='bbox 834 3248 1015 3325; x_wconf 88' lang='lat' dir='ltr'><strong>medicum</strong></span> <span class='ocrx_word' id='word_1_197' title='bbox 1041 3265 1140 3324; x_wconf 89' lang='lat' dir='ltr'><strong>tanto</strong></span> <span class='ocrx_word' id='word_1_198' title='bbox 1156 3255 1264 3326; x_wconf 89' lang='lat' dir='ltr'><strong>animi</strong></span> <span class='ocrx_word' id='word_1_199' title='bbox 1289 3279 1332 3328; x_wconf 90' lang='lat' dir='ltr'><strong>ac</strong></span> <span class='ocrx_word' id='word_1_200' title='bbox 1347 3281 1435 3329; x_wconf 90' lang='lat' dir='ltr'><strong>cor-</strong></span> 
     </span>
     <span class='ocr_line' id='line_1_25' title="bbox 131 3369 1436 3473; baseline 0.003 -25"><span class='ocrx_word' id='word_1_201' title='bbox 131 3373 233 3470; x_wconf 88' lang='lat' dir='ltr'><strong>poris</strong></span> <span class='ocrx_word' id='word_1_202' title='bbox 263 3369 447 3473; x_wconf 88' lang='lat' dir='ltr'><strong>impendio</strong></span> <span class='ocrx_word' id='word_1_203' title='bbox 469 3369 557 3446; x_wconf 83' lang='lat' dir='ltr'><strong>nihss</strong></span> <span class='ocrx_word' id='word_1_204' title='bbox 589 3371 785 3472; x_wconf 83' lang='lat' dir='ltr'><strong>profecisse</strong></span> <span class='ocrx_word' id='word_1_205' title='bbox 808 3385 1060 3473; x_wconf 84' lang='lat' dir='ltr'><strong>cognosceret,</strong></span> <span class='ocrx_word' id='word_1_206' title='bbox 1083 3397 1129 3446; x_wconf 90' lang='lat' dir='ltr'><strong>ne</strong></span> <span class='ocrx_word' id='word_1_207' title='bbox 1150 3372 1244 3448; x_wconf 87' lang='lat' dir='ltr'><strong>bene</strong></span> <span class='ocrx_word' id='word_1_208' title='bbox 1270 3377 1436 3452; x_wconf 87' lang='lat' dir='ltr'><strong>meritum</strong></span> 
     </span>
     <span class='ocr_line' id='line_1_26' title="bbox 130 3491 1436 3598; baseline 0.003 -30"><span class='ocrx_word' id='word_1_209' title='bbox 130 3493 255 3570; x_wconf 84' lang='lat' dir='ltr'><strong>debita</strong></span> <span class='ocrx_word' id='word_1_210' title='bbox 274 3491 442 3570; x_wconf 86' lang='lat' dir='ltr'><strong>mercede</strong></span> <span class='ocrx_word' id='word_1_211' title='bbox 461 3491 654 3585; x_wconf 75' lang='lat' dir='ltr'><strong>fraudaret,</strong></span> <span class='ocrx_word' id='word_1_212' title='bbox 679 3493 896 3572; x_wconf 87' lang='lat' dir='ltr'><strong>clandestino</strong></span> <span class='ocrx_word' id='word_1_213' title='bbox 912 3491 996 3568; x_wconf 82' lang='lat' dir='ltr'><strong>filiae</strong></span> <span class='ocrx_word' id='word_1_214' title='bbox 1012 3493 1207 3569; x_wconf 90' lang='lat' dir='ltr'><strong>concubitu</strong></span> <span class='ocrx_word' id='word_1_215' title='bbox 1221 3499 1328 3596; x_wconf 90' lang='lat' dir='ltr'><strong>potiri</strong></span> <span class='ocrx_word' id='word_1_216' title='bbox 1344 3523 1436 3598; x_wconf 90' lang='lat' dir='ltr'><strong>per-</strong></span> 
     </span>
     <span class='ocr_line' id='line_1_27' title="bbox 130 3595 1518 3719; baseline 0.001 -25"><span class='ocrx_word' id='word_1_217' title='bbox 130 3620 277 3694; x_wconf 80' lang='lat' dir='ltr'><strong>miserit.</strong></span> <span class='ocrx_word' id='word_1_218' title='bbox 334 3595 435 3694; x_wconf 80' lang='lat' dir='ltr'><strong>litleo</strong></span> <span class='ocrx_word' id='word_1_219' title='bbox 455 3617 634 3693; x_wconf 89' lang='lat' dir='ltr'><strong>interdum</strong></span> <span class='ocrx_word' id='word_1_220' title='bbox 657 3633 806 3718; x_wconf 85' lang='lat' dir='ltr'><strong>paterne</strong></span> <span class='ocrx_word' id='word_1_221' title='bbox 834 3623 871 3690; x_wconf 92' lang='lat' dir='ltr'><strong>in</strong></span> <span class='ocrx_word' id='word_1_222' title='bbox 892 3617 1036 3716; x_wconf 90' lang='lat' dir='ltr'><strong>prolem</strong></span> <span class='ocrx_word' id='word_1_223' title='bbox 1060 3633 1244 3716; x_wconf 81' lang='lat' dir='ltr'><strong>grassatur</strong></span> <span class='ocrx_word' id='word_1_224' title='bbox 1265 3599 1437 3719; x_wconf 76' lang='lat' dir='ltr'><strong>impietas,</strong></span> <span class='ocrx_word' id='word_1_225' title='bbox 1515 3617 1518 3624; x_wconf 48' lang='lat'><strong>⁴</strong></span> 
     </span>
     <span class='ocr_line' id='line_1_28' title="bbox 130 3738 1437 3840; baseline 0.002 -25"><span class='ocrx_word' id='word_1_226' title='bbox 130 3765 218 3815; x_wconf 85' lang='lat' dir='ltr'><strong>curn</strong></span> <span class='ocrx_word' id='word_1_227' title='bbox 242 3757 380 3829; x_wconf 68' lang='lat' dir='ltr'><strong>natum</strong></span> <span class='ocrx_word' id='word_1_228' title='bbox 396 3740 621 3816; x_wconf 85' lang='lat' dir='ltr'><strong>clementiam</strong></span> <span class='ocrx_word' id='word_1_229' title='bbox 634 3739 791 3816; x_wconf 82' lang='lat' dir='ltr'><strong>violenta</strong></span> <span class='ocrx_word' id='word_1_230' title='bbox 805 3741 1003 3840; x_wconf 89' lang='lat' dir='ltr'><strong>corrumpit</strong></span> <span class='ocrx_word' id='word_1_231' title='bbox 1018 3738 1167 3814; x_wconf 80' lang='lat' dir='ltr'><strong>allectio.</strong></span> <span class='ocrx_word' id='word_1_232' title='bbox 1199 3743 1316 3836; x_wconf 89' lang='lat' dir='ltr'><strong>Quem</strong></span> <span class='ocrx_word' id='word_1_233' title='bbox 1330 3763 1437 3816; x_wconf 86' lang='lat' dir='ltr'><strong>erro-</strong></span> 
     </span>
     <span class='ocr_line' id='line_1_29' title="bbox 130 3859 1350 3966; baseline -0.002 -28"><span class='ocrx_word' id='word_1_234' title='bbox 130 3886 212 3938; x_wconf 83' lang='lat' dir='ltr'><strong>rem</strong></span> <span class='ocrx_word' id='word_1_235' title='bbox 224 3861 323 3940; x_wconf 86' lang='lat' dir='ltr'><strong>edito</strong></span> <span class='ocrx_word' id='word_1_236' title='bbox 335 3863 421 3940; x_wconf 80' lang='lat' dir='ltr'><strong>filiae</strong></span> <span class='ocrx_word' id='word_1_237' title='bbox 436 3881 544 3964; x_wconf 85' lang='lat' dir='ltr'><strong>partu</strong></span> <span class='ocrx_word' id='word_1_238' title='bbox 558 3863 665 3966; x_wconf 89' lang='lat' dir='ltr'><strong>plena</strong></span> <span class='ocrx_word' id='word_1_239' title='bbox 688 3863 832 3940; x_wconf 87' lang='lat' dir='ltr'><strong>ruboris</strong></span> <span class='ocrx_word' id='word_1_240' title='bbox 845 3859 1052 3962; x_wconf 76' lang='lat' dir='ltr'><strong>poenttmtia</strong></span> <span class='ocrx_word' id='word_1_241' title='bbox 1064 3865 1246 3940; x_wconf 87' lang='lat' dir='ltr'><strong>insecutus</strong></span> <span class='ocrx_word' id='word_1_242' title='bbox 1262 3870 1350 3940; x_wconf 79' lang='lat' dir='ltr'><strong>est1.</strong></span> 
     </span>
    </p>

    <p class='ocr_par' dir='ltr' id='par_1_3' title="bbox 129 3977 1436 4334">
     <span class='ocr_line' id='line_1_30' title="bbox 266 3977 1435 4090; baseline -0.002 -28"><span class='ocrx_word' id='word_1_243' title='bbox 266 3992 313 4062; x_wconf 73' lang='lat' dir='ltr'><strong>bt</strong></span> <span class='ocrx_word' id='word_1_244' title='bbox 329 3987 389 4080; x_wconf 84' lang='lat' dir='ltr'><strong>dii,</strong></span> <span class='ocrx_word' id='word_1_245' title='bbox 414 3987 551 4090; x_wconf 87' lang='lat' dir='ltr'><strong>quibus</strong></span> <span class='ocrx_word' id='word_1_246' title='bbox 567 3992 751 4086; x_wconf 87' lang='lat' dir='ltr'><strong>praecipua</strong></span> <span class='ocrx_word' id='word_1_247' title='bbox 773 3985 874 4085; x_wconf 90' lang='lat' dir='ltr'><strong>apud</strong></span> <span class='ocrx_word' id='word_1_248' title='bbox 888 3988 1097 4086; x_wconf 86' lang='lat' dir='ltr'><strong>Byzantium</strong></span> <span class='ocrx_word' id='word_1_249' title='bbox 1118 3977 1244 4062; x_wconf 79' lang='lat' dir='ltr'><strong>sedes&#39;2</strong></span> <span class='ocrx_word' id='word_1_250' title='bbox 1267 3984 1435 4062; x_wconf 87' lang='lat' dir='ltr'><strong>habeba-</strong></span> 
     </span>
     <span class='ocr_line' id='line_1_31' title="bbox 130 4108 1436 4210; baseline -0.002 -26"><span class='ocrx_word' id='word_1_251' title='bbox 130 4127 207 4202; x_wconf 89' lang='lat' dir='ltr'><strong>tur,</strong></span> <span class='ocrx_word' id='word_1_252' title='bbox 231 4109 402 4187; x_wconf 84' lang='lat' dir='ltr'><strong>Otbirrum</strong></span> <span class='ocrx_word' id='word_1_253' title='bbox 421 4117 524 4188; x_wconf 86' lang='lat' dir='ltr'><strong>variis</strong></span> <span class='ocrx_word' id='word_1_254' title='bbox 538 4111 733 4210; x_wconf 83' lang='lat' dir='ltr'><strong>majestatis</strong></span> <span class='ocrx_word' id='word_1_255' title='bbox 748 4109 967 4184; x_wconf 83' lang='lat' dir='ltr'><strong>detrimentis</strong></span> <span class='ocrx_word' id='word_1_256' title='bbox 982 4108 1171 4184; x_wconf 79' lang='lat' dir='ltr'><strong>divinitatis</strong></span> <span class='ocrx_word' id='word_1_257' title='bbox 1184 4108 1335 4208; x_wconf 81' lang='lat' dir='ltr'><strong>gloriam</strong></span> <span class='ocrx_word' id='word_1_258' title='bbox 1352 4133 1436 4182; x_wconf 85' lang='lat' dir='ltr'><strong>me·-</strong></span> 
     </span>
     <span class='ocr_line' id='line_1_32' title="bbox 129 4230 1436 4334; baseline -0.004 -23"><span class='ocrx_word' id='word_1_259' title='bbox 129 4231 274 4310; x_wconf 85' lang='lat' dir='ltr'><strong>culasse</strong></span> <span class='ocrx_word' id='word_1_260' title='bbox 288 4251 485 4326; x_wconf 81' lang='lat' dir='ltr'><strong>cernentes,</strong></span> <span class='ocrx_word' id='word_1_261' title='bbox 508 4231 663 4334; x_wconf 82' lang='lat' dir='ltr'><strong>collegio</strong></span> <span class='ocrx_word' id='word_1_262' title='bbox 683 4257 752 4308; x_wconf 88' lang='lat' dir='ltr'><strong>suo</strong></span> <span class='ocrx_word' id='word_1_263' title='bbox 777 4230 1068 4308; x_wconf 85' lang='lat' dir='ltr'><strong>submovendum</strong></span> <span class='ocrx_word' id='word_1_264' title='bbox 1090 4230 1303 4306; x_wconf 80' lang='lat' dir='ltr'><strong>duxerunt³.</strong></span> <span class='ocrx_word' id='word_1_265' title='bbox 1362 4234 1436 4306; x_wconf 85' lang='lat' dir='ltr'><strong>Noc</strong></span> 
     </span>
    </p>
   </div>
   <div class='ocr_carea' id='block_1_3' title="bbox 181 4435 1436 4573">
    <p class='ocr_par' dir='ltr' id='par_1_4' title="bbox 181 4435 1436 4573">
     <span class='ocr_line' id='line_1_33' title="bbox 181 4435 1436 4573; baseline -0.005 -24"><span class='ocrx_word' id='word_1_266' title='bbox 181 4485 297 4570; x_wconf 73' lang='lat' dir='ltr'><strong>&#39;Quem</strong></span> <span class='ocrx_word' id='word_1_267' title='bbox 317 4507 442 4549; x_wconf 82' lang='lat' dir='ltr'><strong>errorem</strong></span> <span class='ocrx_word' id='word_1_268' title='bbox 450 4487 626 4573; x_wconf 67' lang='lat' dir='ltr'><strong>patientta</strong></span> <span class='ocrx_word' id='word_1_269' title='bbox 646 4489 755 4546; x_wconf 78' lang='lat' dir='ltr'><strong>imecu-</strong></span> <span class='ocrx_word' id='word_1_270' title='bbox 814 4486 886 4544; x_wconf 82' lang='lat' dir='ltr'><strong>tium</strong></span> <span class='ocrx_word' id='word_1_271' title='bbox 900 4473 994 4556; x_wconf 69' lang='lat' dir='ltr'><strong>sides]</strong></span> <span class='ocrx_word' id='word_1_272' title='bbox 1010 4481 1059 4542; x_wconf 86' lang='lat' dir='ltr'><strong>De</strong></span> <span class='ocrx_word' id='word_1_273' title='bbox 1078 4477 1130 4540; x_wconf 85' lang='lat' dir='ltr'><strong>ille</strong></span> <span class='ocrx_word' id='word_1_274' title='bbox 1144 4435 1281 4540; x_wconf 72' lang='lat' dir='ltr'><strong>Decium</strong></span> <span class='ocrx_word' id='word_1_275' title='bbox 1292 4478 1364 4542; x_wconf 83' lang='lat' dir='ltr'><strong>sede</strong></span> <span class='ocrx_word' id='word_1_276' title='bbox 1377 4478 1436 4543; x_wconf 80' lang='lat' dir='ltr'><strong>rid.</strong></span> 
     </span>
    </p>
   </div>
   <div class='ocr_carea' id='block_1_4' title="bbox 128 4581 1434 4770">
    <p class='ocr_par' dir='ltr' id='par_1_5' title="bbox 128 4581 1434 4770">
     <span class='ocr_line' id='line_1_34' title="bbox 128 4581 979 4674; baseline -0.007 -22"><span class='ocrx_word' id='word_1_277' title='bbox 128 4607 185 4654; x_wconf 77' lang='lat' dir='ltr'><strong>ras</strong></span> <span class='ocrx_word' id='word_1_278' title='bbox 211 4587 269 4672; x_wconf 79' lang='lat' dir='ltr'><strong>ert]</strong></span> <span class='ocrx_word' id='word_1_279' title='bbox 287 4593 338 4656; x_wconf 83' lang='lat' dir='ltr'><strong>De</strong></span> <span class='ocrx_word' id='word_1_280' title='bbox 364 4607 454 4656; x_wconf 83' lang='lat' dir='ltr'><strong>tenso</strong></span> <span class='ocrx_word' id='word_1_281' title='bbox 477 4587 569 4674; x_wconf 78' lang='lat' dir='ltr'><strong>brejas</strong></span> <span class='ocrx_word' id='word_1_282' title='bbox 594 4587 691 4672; x_wconf 81' lang='lat' dir='ltr'><strong>mytbi</strong></span> <span class='ocrx_word' id='word_1_283' title='bbox 710 4589 756 4651; x_wconf 84' lang='lat' dir='ltr'><strong>ri·</strong></span> <span class='ocrx_word' id='word_1_284' title='bbox 816 4597 879 4648; x_wconf 90' lang='lat' dir='ltr'><strong>not.</strong></span> <span class='ocrx_word' id='word_1_285' title='bbox 892 4581 979 4646; x_wconf 84' lang='lat' dir='ltr'><strong>uber.</strong></span> 
     </span>
     <span class='ocr_line' id='line_1_35' title="bbox 128 4688 1434 4770; baseline -0.005 -12"><span class='ocrx_word' id='word_1_286' title='bbox 128 4694 174 4758; x_wconf 78' lang='lat' dir='ltr'><strong>de</strong></span> <span class='ocrx_word' id='word_1_287' title='bbox 191 4708 256 4760; x_wconf 82' lang='lat' dir='ltr'><strong>not.</strong></span> <span class='ocrx_word' id='word_1_288' title='bbox 270 4693 357 4761; x_wconf 76' lang='lat' dir='ltr'><strong>tiber.</strong></span> <span class='ocrx_word' id='word_1_289' title='bbox 862 4689 1025 4752; x_wconf 63' lang='lat' dir='ltr'><strong>‘Oettirum</strong></span> <span class='ocrx_word' id='word_1_290' title='bbox 1040 4691 1259 4754; x_wconf 69' lang='lat' dir='ltr'><strong>subnectendum</strong></span> <span class='ocrx_word' id='word_1_291' title='bbox 1275 4688 1434 4770; x_wconf 73' lang='lat' dir='ltr'><strong>deserant]</strong></span> 
     </span>
    </p>
   </div>
   <div class='ocr_carea' id='block_1_5' title="bbox 181 4793 1337 4998">
    <p class='ocr_par' dir='ltr' id='par_1_6' title="bbox 181 4793 1337 4998">
     <span class='ocr_line' id='line_1_36' title="bbox 181 4793 1337 4890; baseline -0.004 -27"><span class='ocrx_word' id='word_1_292' title='bbox 181 4805 198 4838; x_wconf 81' lang='lat'>²</span> <span class='ocrx_word' id='word_1_293' title='bbox 208 4803 271 4875; x_wconf 83' lang='lat' dir='ltr'><strong>Dii,</strong></span> <span class='ocrx_word' id='word_1_294' title='bbox 277 4803 379 4888; x_wconf 80' lang='lat' dir='ltr'><strong>quibos</strong></span> <span class='ocrx_word' id='word_1_295' title='bbox 386 4808 538 4890; x_wconf 73' lang='lat' dir='ltr'><strong>praecipuo</strong></span> <span class='ocrx_word' id='word_1_296' title='bbox 551 4802 633 4889; x_wconf 83' lang='lat' dir='ltr'><strong>opud</strong></span> <span class='ocrx_word' id='word_1_297' title='bbox 643 4803 758 4884; x_wconf 80' lang='lat' dir='ltr'><strong>Byzan·</strong></span> <span class='ocrx_word' id='word_1_298' title='bbox 820 4801 867 4862; x_wconf 82' lang='lat' dir='ltr'><strong>De</strong></span> <span class='ocrx_word' id='word_1_299' title='bbox 879 4797 969 4861; x_wconf 77' lang='lat' dir='ltr'><strong>erilio</strong></span> <span class='ocrx_word' id='word_1_300' title='bbox 983 4795 1076 4862; x_wconf 81' lang='lat' dir='ltr'><strong>odini</strong></span> <span class='ocrx_word' id='word_1_301' title='bbox 1096 4793 1156 4860; x_wconf 80' lang='lat' dir='ltr'><strong>vid.</strong></span> <span class='ocrx_word' id='word_1_302' title='bbox 1177 4807 1242 4860; x_wconf 87' lang='lat' dir='ltr'><strong>not.</strong></span> <span class='ocrx_word' id='word_1_303' title='bbox 1252 4794 1337 4860; x_wconf 85' lang='lat' dir='ltr'><strong>uber.</strong></span> 
     </span>
     <span class='ocr_line' id='line_1_37' title="bbox 192 4901 1244 4998; baseline 0.006 -32"><span class='ocrx_word' id='word_1_304' title='bbox 192 4921 538 4972; x_wconf 59' lang='lat' dir='ltr'><strong>sexcentenuuiafflar.</strong></span> <span class='ocrx_word' id='word_1_305' title='bbox 1193 4901 1244 4998; x_wconf 80' lang='lat'><strong>(9)</strong></span> 
     </span>
    </p>
   </div>
   <div class='ocr_carea' id='block_1_6' title="bbox 0 0 1772 5462">
    <p class='ocr_par' dir='ltr' id='par_1_7' title="bbox 0 0 1772 5462">
     <span class='ocr_line' id='line_1_38' title="bbox 0 0 1772 5462; baseline 0 0"><span class='ocrx_word' id='word_1_306' title='bbox 0 0 1772 5462; x_wconf 95' lang='lat' dir='ltr'><strong> </strong></span> 
     </span>
    </p>
   </div>
  </div>
 </body>
</html>
