3506 5458
687 291 903 372 CANUTUS.
933 353 939 364 .
1322 291 1395 362 stt

135 515 361 577 matronam
390 502 586 596 oppressit,
628 499 840 598 bellumque
872 498 1044 574 adversus
1079 503 1232 574 Daciam
1257 465 1446 598 professus

133 623 276 696 structis
291 618 419 694 callide
435 619 525 696 dolis
543 623 712 700 audacter
728 622 938 699 evidentiam
964 621 1130 720 praebuit.
1192 626 1237 696 Et
1253 647 1300 694 ne
1316 625 1444 698 Canu-

134 759 211 816 tutn
228 743 263 814 in
279 744 393 816 Dauiu
410 743 562 818 ultorem
584 753 823 847 opperiretur,
849 743 1069 818 declinandae
1085 742 1245 819 vindictae
1272 749 1386 844 gratia
1407 749 1442 816 in

133 867 287 976 Suetium
304 865 372 940 sibi
386 891 470 938 cum
484 869 642 969 conjuge
659 868 915 944 transeundum
929 865 1095 967 providit.
1148 865 1216 938 Ubi
1233 864 1442 943 invadendae

132 990 256 1060 Danite
274 992 496 1086 propositum
512 992 726 1087 pertinacius
743 994 862 1066 animo
880 991 1040 1080 volvens,
1071 987 1239 1061 Omundo
1253 987 1442 1088 Olavoque

133 1109 265 1184 consilii
282 1113 515 1210 participibus
532 1111 641 1203 factis,
656 1113 755 1186 alteri
770 1117 948 1188 maritimis
963 1112 1175 1186 Sialandiam
1193 1115 1317 1208 copiis,
1340 1111 1439 1184 alteri

131 1234 294 1306 Scaniant
311 1235 536 1308 terrestribus
551 1235 790 1334 impetendam
805 1244 986 1336 proponit,
1002 1241 1131 1336 ipsese
1147 1235 1298 1308 classem
1313 1257 1333 1303 e
1347 1235 1440 1305 Sve-

131 1361 180 1430 tia
210 1355 400 1432 ducturum
426 1359 606 1454 promittit.
666 1360 781 1456 Cujus
809 1361 860 1430 rei
882 1359 1063 1434 molitione
1086 1358 1236 1447 detecta,
1252 1357 1440 1453 llaquiuus

131 1477 316 1578 quideme
334 1478 418 1552 villa
433 1481 631 1580 Stangby1,
655 1485 916 1558 amantissimus
943 1484 1052 1583 regis,
1084 1497 1225 1578 arrepta
1241 1503 1352 1576 quatu
1374 1501 1438 1548 ce—

132 1603 273 1676 lerrime
287 1603 522 1699 navigatione,
543 1606 683 1676 Canuto
699 1619 826 1676 cuncta
845 1630 887 1676 ex
902 1630 941 1678 se
960 1601 1199 1704 cognoscendi
1216 1601 1357 1698 copiam
1373 1615 1438 1672 tu-

131 1724 185 1819 lit,
209 1751 326 1826 eaque
341 1722 570 1815 humanitate,
587 1741 720 1824 quauta
736 1727 906 1826 principis
921 1753 964 1800 ac
979 1729 1103 1825 patriae
1130 1726 1272 1798 caritate
1294 1738 1438 1796 tenere-

132 1865 201 1940 tur,
226 1849 374 1944 aperuit.
426 1850 502 1920 Rex
517 1864 620 1922 tantae
644 1850 915 1945 conspirationis
930 1857 1098 1924 nuncium
1123 1848 1277 1922 exercitu
1301 1843 1438 1918 subse-

130 1985 255 2060 cutus,
287 1995 332 2042 ne
356 1969 510 2044 rumoris
534 1987 694 2044 autorem
725 1973 875 2067 praemio
906 1995 1062 2046 vacuum
1087 1976 1299 2072 praeteriret,
1329 1965 1440 2040 fidem

131 2093 261 2183 nuncii,
276 2090 379 2190 quod
394 2109 428 2164 et
444 2090 589 2193 longam
602 2109 637 2165 et
653 2091 894 2190 periculosam
906 2098 1169 2193 navigationem
1184 2108 1323 2193 egerat,
1337 2113 1440 2187 prec-

131 2216 195 2288 mii
210 2215 295 2288 loco
308 2212 423 2287 duum
441 2211 610 2314 jugerum
627 2220 701 2315 agri
719 2217 873 2288 Scanici²
893 2215 1083 2290 donatione
1105 2215 1276 2314 pensavit.
1344 2277 1349 2286 .

262 2341 400 2410 Interea
415 2336 558 2429 Olavus,
570 2336 684 2414 classe
699 2361 764 2411 sua
779 2338 877 2438 apud
894 2339 1087 2414 insularum
1104 2363 1213 2412 unam
1227 2334 1439 2432 acquiesce-
1561 2373 1564 2378 -

129 2485 170 2535 re
180 2461 292 2558 jussa,
306 2457 417 2534 habili
441 2459 681 2558 expeditoque
708 2462 851 2560 navippo
873 2460 1086 2534 Sialandiam
1111 2463 1218 2559 petiit
1276 2454 1347 2530 Ubi
1369 2476 1438 2525 ac·-

129 2583 297 2657 cersitum
314 2587 495 2654 concionis
509 2583 650 2654 nomine
664 2581 842 2679 populum
856 2580 904 2656 ad
919 2581 1143 2674 deditionem,
1167 2605 1276 2681 quam
1310 2575 1438 2676 potuit,

130 2705 356 2780 disertissimo
380 2702 601 2801 provocabat
618 2702 776 2802 eloquio,
799 2703 909 2780 modo
934 2708 1202 2795 universorum,
1225 2699 1336 2776 modo
1356 2705 1436 2770 sin-

129 2827 299 2930 gulorum
323 2827 526 2923 compositis
547 2825 802 2900 blanditiarum
826 2829 1004 2928 figmentis
1029 2835 1166 2903 animos
1186 2820 1438 2906 demulcendo,

127 2975 209 3024 eant
231 2947 376 3022 demum
391 2951 555 3020 tutiorem
570 2951 762 3046 potentiam
780 2949 950 3041 credens,
984 2977 1067 3052 qnae
1084 2976 1173 3050 pace
1189 2954 1301 3049 magis
1328 2968 1438 3044 quam

128 3071 253 3175 praelio
272 3073 491 3144 constitisset.
548 3073 692 3170 Igitur-a
710 3075 891 3172 majorum
907 3073 1067 3171 quodam
1082 3091 1161 3147 astu
1177 3074 1437 3172 benignissimae

127 3196 368 3293 responsionis
385 3210 565 3292 exceptuS,
581 3193 783 3269 simulatum
798 3196 916 3295 plebis
933 3197 1089 3270 favorem
1107 3221 1171 3295 spe
1188 3195 1313 3268 eximia
1328 3217 1436 3265 com-

128 3316 361 3418 plectebatur.
421 3313 582 3406 Tandem
605 3317 695 3388 inter
713 3323 849 3392 varium
867 3319 983 3419 plebis
999 3320 1210 3417 tyrannique
1232 3339 1434 3390 sermonem

127 3438 398 3541 speculatorum
416 3463 509 3512 unus
525 3463 567 3511 ert
588 3445 768 3514 maritimis
785 3449 1051 3540 superveniens,
1074 3440 1223 3542 grandia
1240 3447 1340 3514 terris
1357 3439 1436 3510 vela

127 3568 370 3664 propinquare
384 3561 564 3636 narrabat.
626 3565 736 3661 Igitur
759 3561 990 3638 fluctuantem
1017 3563 1170 3638 Olavum
1187 3565 1318 3659 senior,
1342 3563 1435 3662 regis

128 3685 323 3761 adventum
341 3690 543 3782 opperiens,
568 3685 726 3758 interrito
751 3709 791 3758 se
813 3688 931 3760 animo
954 3713 1077 3786 gerere
1097 3687 1315 3777 cohortatus,
1341 3709 1433 3757 cou-

127 3823 265 3883 suetam
285 3805 462 3880 littoribus
480 3833 635 3880 mercem
650 3806 779 3880 advehi
798 3809 1029 3906 praedicabat,
1045 3837 1117 3884 non
1134 3810 1239 3883 aliam
1250 3805 1435 3907 premendi

126 3932 261 4004 inimici
276 3931 501 4002 occasionem
516 3933 689 4027 aptiorem
707 3931 863 4005 futuram
889 3950 1007 4026 ratus,
1034 3933 1188 4031 quamsi
1216 3930 1340 4004 odium
1363 3929 1436 4001 be·

174 4239 294 4302 'Villa'
308 4231 456 4322 stangby]
484 4235 566 4301 Villa
590 4234 652 4298 boc
682 4235 754 4300 loco
813 4241 905 4301 Teste
928 4235 1051 4301 Andrea
1070 4236 1195 4300 Sauone
1214 4236 1260 4314 (in
1284 4237 1342 4320 leg.
1363 4256 1437 4318 pro-

126 4343 178 4409 rix
194 4361 283 4406 sensu
304 4339 382 4404 bens
401 4341 497 4404 latino
516 4339 554 4404 de
573 4338 665 4404 domo
684 4339 756 4404 snb·
813 4342 891 4406 rinc.
906 4344 1021 4406 Scauiae
1034 4345 1088 4420 tv,
1102 4341 1129 4426 1)
1147 4345 1220 4406 Boel
1233 4360 1373 4405 sermone
1393 4342 1436 4404 la·

126 4445 244 4510 urbana
272 4443 454 4524 adhibetur,
494 4445 547 4509 sed
573 4447 616 4510 ita
642 4458 677 4510 ut
697 4469 753 4531 pa·
812 4447 878 4512 tino
896 4448 1006 4513 dicitur
1023 4473 1148 4516 ruamus.
1190 4447 1250 4513 Sed
1266 4470 1324 4534 pro
1342 4448 1438 4512 bocco

125 4575 202 4640 gum
217 4552 375 4638 significet.
813 4553 963 4618 vocabulo
977 4553 1109 4618 barbaro
1131 4559 1243 4618 Noster
1264 4573 1339 4617 voce
1352 4553 1439 4640 juge-

170 4661 430 4744 ’Dumnjngerum
445 4656 753 4740 ugriScaaiciJHaud
812 4658 920 4722 rituti
945 4661 1060 4724 maluit.
1113 4659 1256 4726 Ostendit
1278 4661 1437 4745 praemium

126 4765 429 4830 dubiehaecDanieis
445 4763 699 4848 hisrespoudentt
721 4777 754 4828 to
814 4785 877 4828 nou
910 4766 953 4828 ita
980 4787 1123 4853 maguum
1147 4767 1323 4852 Hirquinum
1345 4766 1437 4832 luisse

125 4870 304 4940 emutat-d
317 4869 500 4956 alliongens
513 4870 597 4936 Gode
610 4871 754 4936 iSltaane.
817 4869 971 4936 hominem
984 4873 1101 4940 vilioris
1113 4873 1307 4939 conditionis.
