3458 5454
671 283 871 361 SlelillS.
1303 279 1375 359 ³47
1392 325 1398 332 -

122 493 248 564 vetem
269 487 370 568 modi
396 491 508 564 instar
522 491 789 590 protuberantis
808 491 907 570 humi
928 490 1299 590 speuiedetuoostrat.
1345 493 1427 568 ‚Sed
1498 470 1504 481 ⁹

120 625 154 682 et
172 607 321 708 quidam
333 611 516 706 Absalooi,
535 613 672 690 trabem
686 637 725 690 se
737 639 783 688 ¹eo
803 613 875 690 loei
888 619 1087 712 tepertam¹
1109 613 1250 707 vidisse,
1264 621 1429 708 oanavit,

121 755 232 828 quam
244 740 391 832 agrestis
406 759 550 812 vomere
568 732 711 836 glebam
726 739 874 811 rimatus
886 734 1043 826 offenda.

20 910 23 921 .
252 857 314 930 His
337 854 465 932 auditis
488 857 592 933 Halm
616 858 795 932 Hamuudi
819 857 931 952 lilius,
957 881 1070 955 mum
1095 862 1131 930 io
1154 855 1325 939 ultionem
1349 859 1427 936 fra-

120 986 216 1048 trom
242 999 341 1051 anna
367 979 414 1052 ab
438 977 735 1071 Hiberniensibns
764 982 800 1052 in
830 982 953 1054 Dauos
983 977 1215 1056 translaturus
1240 980 1429 1075 videretur,

120 1093 169 1168 ab
184 1097 550 1191 flatonesialandim,
565 1102 699 1200 Wigeri
714 1099 800 1192 lilio,
811 1099 1115 1200 summamque
1130 1098 1313 1196 deseritur,
1328 1131 1428 1203 quo-

120 1243 203 1290 rum
218 1237 300 1318 post
318 1219 493 1322 Regualdi
517 1247 640 1309 ueoem
664 1222 711 1296 ad
733 1222 774 1297 id
795 1247 914 1321 usque
936 1239 1078 1324 tempus
1099 1225 1236 1300 amittis
1251 1227 1428 1302 utebatur.

120 1338 220 1414 Alter
235 1345 411 1443 siquidem
429 1347 681 1434 familiaritatis,
707 1343 796 1418 alter
812 1346 956 1444 originis
975 1347 1100 1420 iutuitu
1117 1347 1343 1440 movebatur,
1366 1349 1429 1423 di-

120 1487 299 1564 versaque
318 1471 408 1545 ratio
431 1495 499 1568 par
516 1467 698 1542 ambobus
723 1463 880 1540 studium
895 1474 1045 1566 peperit.
1109 1470 1297 1544 Hakonem
1319 1496 1427 1544 nam-

121 1609 196 1682 que
207 1587 255 1661 ab
268 1590 451 1667 inuasione
465 1593 589 1692 patriae
603 1596 712 1688 pietas
728 1588 943 1680 deturbavit,
956 1589 1069 1689 quod,
1090 1597 1224 1668 caeteris
1237 1592 1428 1676 adversum

120 1723 260 1786 exteros
275 1711 413 1788 bellum
431 1715 648 1813 gerentibus,
678 1717 755 1810 ipse
782 1737 866 1784 cnm
881 1711 1020 1786 civibus
1038 1710 1264 1810 praeliaturus
1283 1715 1428 1795 ridere-

122 1847 191 1904 tur.
249 1835 490 1910 Stareatherus
505 1862 604 1927 vero,
621 1833 721 1932 quod
748 1835 860 1933 Sigari
882 1833 1000 1910 senilis
1022 1834 1177 1934 bospitio
1199 1861 1284 1913 usus
1305 1837 1430 1928 fuerat,

122 1951 263 2031 hostem
282 1979 388 2056 agere
406 1957 676 2056 supersedebat,
698 1981 744 2030 ne
761 1955 1036 2032 benemeritam
1054 1960 1179 2057 injuria
1196 1957 1334 2035 afficere
1351 1986 1428 2060 pu·-

123 2089 270 2152 taretnr.
319 2083 473 2154 Tantum
496 2083 589 2154 euim
606 2078 756 2179 quidam
769 2077 1010 2176 hospitalitatis
1029 2085 1151 2179 gratim
1175 2080 1356 2174 deferunt,
1389 2099 1430 2158 ut
1539 2065 1545 2080 ’

122 2195 172 2270 ad
185 2197 379 2285 molestiam
395 2209 445 2278 eis
453 2200 673 2277 inferendam
688 2199 818 2274 adduci
833 2224 905 2274 non
923 2203 1071 2300 possint,
1086 2227 1290 2300 quorumse
1306 2229 1429 2303 quan-

122 2320 246 2422 doque
262 2323 488 2400 humanitatis
504 2325 618 2398 officia
633 2338 797 2421 expertos
811 2323 1041 2396 meminerint.
1079 2323 1151 2396 Sed
1166 2340 1200 2398 et
1215 2325 1330 2419 Halm,
1347 2323 1431 2426 plus

121 2445 244 2522 damni
260 2453 295 2520 in
321 2448 467 2524 fratrum
493 2471 584 2524 nece
620 2471 730 2544 quam
753 2443 916 2544 pugilum
943 2441 1137 2519 defectione
1161 2467 1361 2546 reponens,
1392 2451 1429 2524 in

122 2583 289 2668 portum,
322 2573 386 2670 qni
412 2574 549 2644 Dauice
576 2570 730 2666 Haervig,
761 2569 882 2639 Latine
914 2567 1142 2643 Exercituum
1167 2572 1264 2642 sinus
1289 2568 1430 2665 dicitur,
1474 2557 1477 2563 ¹

122 2689 238 2769 alasse
257 2691 396 2784 cotue,
422 2691 567 2766 militem
585 2697 740 2790 expauit,
764 2691 1037 2790 pedestremque
1050 2691 1163 2764 aulem
1184 2693 1329 2785 iustruit,
1354 2719 1429 2790 quo

122 2813 194 2888 loci
216 2839 313 2888 unae
335 2812 509 2912 oppidum
534 2813 582 2886 ab
613 2813 797 2888 Hesbemo
827 2819 1091 2889 construcmm²
1137 2815 1329 2886 munimine
1361 2839 1428 2888 suo

121 2936 330 3036 praesidium
362 2936 493 3010 areolis
517 2935 599 3009 facit
636 2934 855 3035 aditumque
893 2937 1060 3010 barbarae
1094 2935 1237 3010 feritatis
1265 2935 1429 3010 eliminat.

122 3058 263 3132 Deinde
276 3063 407 3158 sparsis
422 3057 589 3131 trifariam
605 3060 739 3156 copiis,
763 3065 939 3159 geminam
957 3063 1102 3132 navium
1118 3073 1274 3156 partem,
1305 3059 1429 3158 paucis

121 3377 285 3424 nomeuex
304 3377 340 3422 ea
360 3357 479 3442 origine
500 3357 624 3422 traxisse
641 3355 746 3420 ferun·
805 3357 876 3422 dem
903 3357 1019 3423 farine.
1095 3356 1193 3424 Crisia
1226 3358 1362 3424 historiae
1390 3361 1429 3423 de

122 3477 186 3544 tur,
209 3487 237 3530 r.
253 3483 344 3528 oarx
359 3465 483 3550 signes,
510 3476 618 3548 puteas
638 3464 745 3547 Sigues
805 3464 957 3528 amoribus
982 3463 1151 3548 Hagbarthi
1172 3475 1203 3530 et
1225 3465 1332 3552 Sigeas
1361 3465 1429 3536 tide

121 3591 239 3655 vorago
253 3569 441 3656 pedissequae
455 3568 648 3652 (Teruehul).
683 3571 746 3632 Aa·
806 3570 838 3634 ia
852 3571 932 3634 notis
947 3569 1145 3652 uberioribus.

120 3677 248 3762 tiqoitn
263 3687 364 3740 aulem
386 3675 496 3740 horum
515 3675 672 3740 nominum
691 3697 746 3762 pa·
850 3676 1428 3764 ²OppiduutabHesber-nocoustrurtum]

121 3794 299 3850 murena.
805 3781 919 3848 Urbem
936 3782 1117 3862 Caluudam,
1140 3779 1327 3846 nostratibus
1359 3783 1429 3846 liul-

170 3890 317 3954 ¹Trabem
338 3912 371 3952 eo
391 3889 449 3949 loci
460 3885 618 3974 repertam]
637 3889 747 3950 Narrat
807 3889 969 3974 lundborg,
989 3889 1144 3972 intelligit,
1169 3910 1259 3975 quam
1280 3909 1337 3950 una
1360 3908 1428 3954 cam

119 3995 287 4062 Messenius
299 3994 334 4058 in
346 3994 687 4078 Sveopentaprotopoli,
706 3998 746 4058 si·
807 3993 950 4076 adjuncta
963 4016 1031 4060 aree
1044 4007 1073 4058 et
1087 3995 1211 4058 castello
1228 3991 1427 4058 munitissimo

121 4105 156 4166 bi
172 4117 325 4166 maetam
342 4101 441 4184 suriae
472 4125 492 4161 a
510 4101 577 4183 sade
609 4102 747 4184 daegm‘ssi-
806 4103 960 4173 Fabernus
980 4105 1085 4178 Suara,
1109 4097 1273 4164 Absolouis
1302 4097 1428 4162 Arehie·

121 4212 179 4274 ma
194 4209 366 4278 douiatius,
379 4209 410 4268 ia
430 4209 495 4293 apsa
505 4208 630 4292 pleuriti
646 4206 748 4267 Heio·
806 4208 925 4292 p'ueopi
948 4226 1118 4290 germanus,
1132 4203 1169 4268 ad
1192 4215 1315 4288 portam
1347 4204 1429 4268 huno

122 4318 193 4378 riou
207 4309 321 4398 (prope
350 4309 503 4376 civitatem
526 4309 749 4392 Sigtonieasem
807 4311 942 4376 condidit
956 4311 1330 4376 aanoCbristiMCLXXI.
1352 4312 1428 4394 Ejus

121 4420 157 4482 in
170 4417 291 4498 Stetit)
304 4418 445 4502 quendum
469 4419 632 4482 accolarum
648 4417 749 4478 condi·
807 4417 943 4480 meminit
968 4418 1047 4480 Saxo
1069 4413 1149 4481 iufra
1176 4415 1229 4478 lib.
1261 4419 1360 4512 xtva·
1383 4423 1429 4482 Ea

122 4535 185 4590 reat
208 4527 350 4614 patibuli,
379 4527 409 4586 t'u
436 4545 491 4608 qno
515 4524 620 4586 Hobor
646 4524 749 4598 laqueo
807 4539 975 4610 tempestate
989 4524 1132 4586 Esberuus
1147 4524 1242 4584 urbem
1260 4510 1428 4586 Kalnutlam

121 4633 350 4715 strangulatas,
378 4653 415 4694 ex
429 4649 522 4700 ,terra
547 4635 661 4694 eruisse.
695 4627 748 4708 (O.
806 4633 922 4694 molitus
935 4634 1005 4692 noui
1021 4633 1191 4694 munimenti
1199 4631 1339 4715 praesideo
1357 4655 1428 4717 por·

123 4735 262 4804 Womii
274 4740 406 4801 Manum.
417 4739 494 4800 Dan.
511 4733 562 4797 lib.
578 4737 604 4797 ll
617 4757 649 4818 p.
666 4729 747 4814 135.)
805 4753 865 4800 tum
882 4738 983 4800 hostili
990 4741 1122 4823 piratica
1143 4738 1261 4801 labarum
1277 4739 1426 4822 proestt'tt't.

122 4843 184 4908 Hie
201 4840 315 4910 caudex
333 4854 364 4911 et
386 4842 438 4906 illa
455 4841 556 4906 trabea
576 4851 647 4904 eunt
665 4837 744 4922 ejus·
805 4840 856 4921 (S)
