3506 5458
360 319 436 402 484
589 421 592 433 .
709 319 1004 392 alstemus.
1022 319 1158 394 Lissa
1175 321 1220 392 x.

313 538 494 614 elementis
508 553 669 631 pugnam
687 551 799 627 quam
816 525 865 600 ab
882 524 987 604 hoste
1003 533 1179 604 sentix-em.
1209 525 1343 604 Accidit
1356 549 1456 626 erpo,
1470 541 1512 602 ut
1524 527 1620 600 tior-

314 662 509 762 vagienses,
526 651 607 728 coeli
623 673 734 750 quam
748 654 822 725 suis
840 649 975 728 viribus
991 651 1174 744 feliciores,
1183 655 1318 742 Dauos
1332 647 1533 726 datrmtam
1548 645 1619 722 ed-

314 805 458 859 versum
476 801 515 852 se
529 777 720 848 numinum
736 779 825 846 iram
840 772 940 848 haud
955 772 1067 850 dubie
1086 781 1288 863 sentientes,
1309 789 1391 848 ante
1410 771 1498 872 iuga
1512 793 1620 868 qnam

313 901 472 980 cedibus
488 895 720 996 implicarent
781 897 876 968 luter
892 921 985 995 quos
1000 896 1206 975 Knrlshefni
1223 921 1265 970 ac
1280 895 1446 970 Siraldus
1467 919 1490 968 a
1506 895 1621 968 nco-

312 1027 416 1102 ribns
439 1022 571 1120 capti²,
601 1041 811 1118 quanquam
836 1017 1039 1094 dimicando
1063 1021 1359 1119 speciosissimum
1387 1022 1438 1090 rei
1465 1013 1621 1090 militaris

313 1169 462 1248 operam
477 1141 680 1231 edidissent,
694 1137 877 1238 aliquanto
895 1155 1012 1214 tamen
1027 1139 1111 1239 plus
1133 1139 1250 1217 hodio
1271 1145 1309 1216 in
1338 1137 1490 1216 vinculis
1513 1161 1621 1236 quam

313 1267 441 1370 praelio
455 1277 670 1340 meruerunt.
721 1263 909 1360 ilaquinus
926 1268 1032 1356 enim,
1047 1263 1317 1340 celeberrimam
1325 1267 1471 1340 Danicsr
1488 1261 1620 1360 juren-

313 1395 396 1466 tutis
417 1382 660 1464 fortitudinem
684 1381 903 1480 exploratius
919 1407 1025 1460 nosse
1047 1387 1208 1484 cupiens,
1228 1383 1342 1477 duos,
1370 1391 1433 1488 qui
1456 1389 1621 1486 ceptico-

314 1539 397 1588 rum
410 1509 614 1610 patientiam
629 1505 770 1606 plenius
785 1511 1040 1604 expedirentur,
1064 1506 1232 1584 admovit
1285 1510 1437 1584 Tantum
1453 1515 1548 1584 enim
1564 1513 1622 1580 vi-

316 1639 408 1712 rium
434 1633 561 1708 animis
583 1654 711 1704 eorum
734 1652 756 1700 n
780 1643 908 1702 natura
921 1631 1063 1706 insitum
1084 1653 1161 1704 esse
1186 1628 1281 1704 loma
1298 1631 1433 1726 lucrat,
1459 1633 1622 1718 utetiarrt,

316 1760 468 1856 receptis
482 1757 517 1826 in
536 1751 674 1825 vultum
690 1751 828 1843 ictibus,
852 1751 1014 1826 celeres
1034 1749 1182 1850 quidem
1210 1754 1484 1853 superciliorum
1515 1769 1624 1826 naurs

222 1877 225 1886 ⁴
316 1878 499 1968 ederent²,
524 1890 635 1973 atque
651 1871 824 1948 adversus
846 1895 953 1946 omne
977 1875 1199 1974 percussoris
1220 1877 1476 1954 irritamentum
1494 1879 1531 1950 in
1554 1901 1623 1948 eo-

316 2001 400 2077 dem
414 2001 572 2074 animum
585 1995 714 2068 babitu
728 1996 962 2070 continerent.
1020 1997 1135 2094 Cujus
1151 2002 1377 2097 experientia
1393 2003 1507 2100 gratie
1527 2001 1623 2098 prior

315 2119 480 2199 Sivaldus
514 2119 644 2218 ingenti
669 2114 825 2190 satellitis
856 2115 949 2188 fuste
989 2142 1181 2214 percussus
1213 2121 1338 2198 oculos
1361 2137 1462 2196 motu
1492 2145 1623 2198 racnos

315 2243 482 2346 prebuit.
537 2240 753 2333 Quinetiam
771 2263 816 2312 eo
832 2239 949 2314 miuus
966 2235 1120 2314 lortuuae
1135 2243 1251 2335 cessit,
1275 2269 1351 2342 quo
1366 2245 1529 2318 miserius
1546 2248 1623 2318 rir-

315 2372 398 2442 tutis
412 2390 487 2443 sum
502 2362 780 2462 experimentum
795 2357 931 2435 hebuit.
980 2365 1054 2436 Nec
1068 2370 1186 2440 minus
1204 2371 1240 2438 in
1255 2365 1397 2465 reliquo
1412 2371 1542 2442 mentis
1556 2389 1619 2438 ro-

315 2489 389 2564 bur
403 2487 580 2586 spparuit.
639 2481 845 2559 Karlshefni
867 2485 962 2556 enim
987 2483 1097 2559 alium
1110 2485 1275 2561 destricta
1289 2492 1405 2562 securi
1428 2491 1538 2588 capiti
1555 2511 1618 2562 seo
1745 2521 1746 2524 ¹

313 2614 555 2708 imminentem
574 2605 684 2706 pulsu
708 2601 811 2704 pedis
833 2601 934 2678 humi
956 2597 1152 2704 postravit,
1177 2608 1473 2710 applicetumque
1494 2613 1619 2687 certici

316 2757 391 2808 sure
406 2731 541 2806 ferrum
556 2729 722 2804 manibus
739 2725 845 2800 ferire
867 2730 1025 2802 conantis
1037 2733 1233 2824 excutiens,
1250 2748 1377 2807 uteret
1390 2731 1621 2824 vinculatmi,

315 2855 480 2954 arripuit,
496 2876 679 2952 quemque
695 2850 803 2947 lapsu
822 2847 998 2944 affecerat,
1028 2855 1144 2951 capite
1166 2853 1372 2956 spoliavit
1433 2855 1620 2930 Enimvero
1744 2891 1745 2909 π

316 2994 355 3050 ut
371 2992 530 3068 strenuo,
546 2978 593 3048 ita
609 2974 763 3072 impigro
780 2978 859 3046 nisu
873 2972 1072 3071 periculum
1085 2973 1232 3050 audacia
1249 2978 1491 3077 procucurrit.
1546 2980 1619 3050 tie-

315 3123 388 3196 que
410 3099 659 3212 enimcaptivi
690 3095 802 3170 virtus
830 3099 921 3170 inter
946 3097 1172 3186 vinculorum
1193 3097 1383 3174 stridorem
1409 3100 1535 3198 vigore
1554 3121 1616 3173 sno
1743 3203 1744 3210 ἵ

361 3379 564 3499 ¹Knrlsdelm'
585 3437 621 3475 ne
640 3413 778 3475 scaldus
799 3455 824 3475 ..
844 3407 939 3498 enptr]
1046 3411 1267 3495 'VenenlntusJ
1301 3417 1372 3477 Hoc
1397 3426 1462 3493 est,
1499 3413 1615 3478 vinculis
1742 3454 1743 3484 r

314 3514 498 3595 mensurni,
517 3531 552 3580 nt
574 3518 635 3600 jem
648 3537 739 3602 cupre
759 3518 941 3596 monuimus,
999 3521 1181 3584 constrictus
1196 3534 1228 3586 ct
1241 3532 1391 3584 ouerstns
1411 3519 1617 3599 PstrmClrr·
1742 3557 1743 3606 p

313 3623 439 3688 lslsudis
452 3623 642 3707 ignotusost.
683 3622 859 3706 Sigvsldnm
868 3625 942 3720 scri·
1000 3627 1124 3709 sologne
1137 3628 1232 3690 Serm.
1247 3627 1343 3688 cxnt
1357 3647 1366 3688 r
1379 3629 1562 3708 Suorjeeere
1582 3627 1620 3686 iii

274 3781 277 3787 x
314 3731 401 3808 bunt,
422 3741 604 3815 tempestate
624 3741 741 3808 coorta,
760 3751 872 3818 pugnes
895 3751 942 3794 te·
1002 3734 1181 3796 demonstrat
1195 3725 1618 3808 montemmaranum)
1741 3767 1742 3800 r

312 3833 943 3900 seenbtraxisseetselrunrdotuomrediis·

312 3962 354 4006 se.
391 3939 461 4006 ,Sed
479 3953 603 4006 osteum
625 3951 657 4003 et
670 3940 788 4004 Snnrrc
805 3953 837 4006 et
850 3955 941 4006 antor
1044 3949 1058 3978 ⁴
1071 3943 1163 4024 (luem
1184 3943 1618 4028 lnpsunffecernt,eeps'tespr·

312 4047 448 4112 historie
466 4044 716 4114 Jontsricemium
734 4063 803 4108 cum
829 4061 939 4132 sutore
997 4045 1095 4124 limu't]
1108 4045 1243 4140 Quaehic
1258 4069 1274 4108 a
1288 4044 1440 4110 lisrlseini
1455 4057 1539 4130 gesta
1555 4064 1620 4105 nar·
1740 4081 1741 4106 r

311 4167 419 4218 nostro
443 4153 654 4230 consentiunt,
690 4162 838 4236 qnatenus
858 4171 938 4214 snm·
996 4165 1113 4231 rentur,
1135 4153 1319 4215 eSnorrone
1338 4151 1372 4230 (l.
1393 4171 1420 4214 c
1445 4175 1477 4236 p.
1497 4147 1571 4228 240)
1590 4159 1620 4210 et

311 4281 391 4324 mem
409 4257 660 4324 domnicensium
679 4257 711 4319 in
730 4267 831 4321 morte
851 4255 939 4318 sube-
996 4259 1102 4322 autore
1120 4257 1255 4320 historias
1272 4257 1523 4321 Jomsricensiu
1543 4255 1620 4338 (cap

311 4363 391 4428 unda
404 4365 608 4428 constantim
621 4362 937 4447 exemplisillnstrant.
995 4356 1170 4448 stipiti)
1192 4363 1231 4426 sd
1246 4364 1410 4449 Vegoinrn,
1431 4363 1527 4428 flti-
1544 4358 1621 4431 filis

355 4474 420 4533 ’Νι
433 4473 508 4534 leuse
519 4471 633 4554 quidem
646 4473 863 4557 superciliorum
885 4495 938 4532 nu·
995 4482 1139 4555 nepotem
1154 4487 1229 4532 vcro
1240 4467 1425 4548 Palnstaltii,
1439 4467 1620 4532 nimiu.

312 4589 360 4636 tus
372 4573 504 4658 ebreos]
519 4580 597 4640 Hec
615 4574 716 4638 rerb'u
737 4585 855 4638 tautum
875 4595 938 4638 non
995 4575 1039 4638 Hi
1057 4593 1178 4660 quoqne
1202 4585 1324 4638 setores
1340 4585 1502 4653 testentur,
1526 4567 1618 4655 upti-

311 4675 417 4740 iisdetn
431 4680 645 4744 nemantnrirr
667 4679 935 4744 historisJomsvi·
996 4701 1101 4744 rorum
1123 4677 1294 4744 octodecim
1318 4681 1419 4744 securi
1440 4677 1531 4744 iusso
1549 4693 1618 4762 μ’·

311 4797 392 4844 cens.
412 4800 478 4866 cap.
497 4781 550 4863 47,
566 4788 824 4870 Fornmsnnsedg.
835 4787 878 4848 x1
898 4807 930 4871 p.
994 4805 1106 4866 emeus,
1119 4785 1289 4868 duodenus,
1304 4782 1616 4854 inmorantem,

312 4881 382 4947 149.
407 4887 512 4973 Steplr.
519 4909 577 4974 pro
589 4904 935 4975 nutusposnerstmotur.
994 4891 1057 4957 lilio
1071 4894 1216 4974 meone,
1228 4895 1289 4960 rita
1303 4889 1398 4958 luins
1416 4888 1548 4954 donatos
