3458 5454
368 300 442 381 328
704 299 881 372 tltsTott.
907 298 1014 373 DAN.
1031 297 1170 375 Lttttlt
1189 295 1260 368 vlt

320 517 454 606 pugnae*
472 509 589 584 rabies
611 515 816 602 incessisset,
843 506 1070 584 vinculorum
1093 499 1254 577 remedio
1276 503 1396 583 oborti
1413 505 1545 584 tumes
1561 506 1624 582 ito·

319 645 440 728 petum
463 631 687 730 propulsare.
737 633 795 706 Ab
818 632 875 708 his
898 628 1085 704 Haldanus
1103 623 1352 702 Harthbenum
1376 631 1534 728 ejusque·
1560 653 1625 728 pu·

318 750 406 851 giles
424 753 549 826 viritim
566 755 735 850 impetere
747 756 887 853 jussus,
911 776 984 825 non
1008 745 1125 822 solum
1148 763 1326 822 certamen
1344 751 1551 850 spopondit,
1572 749 1627 826 sed

321 875 425 946 etiam
442 877 624 948 victoriam
638 875 704 948 sibi
728 879 859 976 ingenti
876 873 1074 950 verborum
1090 867 1222 942 fiducia
1239 873 1410 970 promisit
1469 876 1551 964 Quo
1565 897 1626 944 aa·

321 993 395 1068 dito
417 993 659 1089 Harthbenus,
673 1002 860 1097 repentino
888 1000 1063 1074 furiarum
1089 992 1214 1066 afflatu
1237 1011 1442 1092 correptus,
1484 1019 1627 1070 summas

322 1114 437 1214 clypei
453 1136 571 1216 partes
587 1145 730 1196 morsus
745 1119 934 1196 acerbitate
950 1122 1188 1218 consumpsit,
1225 1123 1351 1216 ignens
1370 1120 1484 1190 ventri
1504 1117 1627 1192 carbo-

321 1265 385 1314 nes
399 1240 570 1314 mandare
585 1267 659 1314 non
674 1241 811 1334 destitit,
828 1261 950 1343 raptas
964 1269 1028 1318 ore
1039 1265 1174 1343 prunas
1188 1242 1226 1312 in
1239 1238 1419 1312 viscerum
1433 1241 1505 1310 ima
1520 1255 1629 1312 trans·

321 1360 424 1454 sudit,
450 1366 655 1462 crepitantia
680 1363 907 1440 flammarum
921 1368 1082 1467 pericula
1105 1364 1300 1465 percurrit,
1336 1361 1383 1434 ad
1406 1377 1630 1460 postremum,

322 1485 420 1556 omni
436 1487 578 1560 saevitiae
594 1511 724 1586 genere
737 1487 992 1584 debacchatus,
1006 1495 1043 1564 in
1058 1514 1120 1564 ser
1141 1484 1357 1560 athletarum
1371 1508 1523 1560 suorum
1540 1507 1630 1580 prn-

323 1603 446 1678 cordia
464 1605 605 1680 furente
620 1634 731 1684 manu
747 1611 884 1684 serrum
900 1613 1084 1688 convertit.
1149 1615 1268 1702 Quarn
1293 1608 1465 1680 insaniam
1492 1603 1540 1678 illi
1562 1631 1629 1704 pu-

262 1825 264 1830 ,
323 1726 456 1826 gnandi
472 1728 620 1804 aviditas
648 1757 695 1806 an
709 1751 843 1808 naturae
857 1734 1021 1810 ferocitas
1040 1733 1168 1824 attulit,
1194 1737 1368 1806 incertum
1385 1747 1448 1806 eet.
1500 1725 1629 1803 llalda-

324 1875 412 1922 num
427 1849 557 1928 deinde
573 1853 716 1930 residua
730 1858 895 1958 pugilum
915 1881 1025 1934 mann
1043 1860 1177 1958 petivit.
1235 1859 1362 1952 Aque
1378 1856 1478 1954 mirae
1491 1849 1628 1952 grandi·

326 1975 404 2046 tatis
427 1972 557 2046 malleo
579 1994 762 2072 contusus,
788 1987 861 2056 vita
884 2008 927 2056 ac
944 1984 1093 2057 victoria
1115 1980 1244 2071 caruit,
1270 1976 1442 2074 deditque
1460 1989 1628 2074 poenaset

326 2094 503 2189 Haldano,
523 2123 630 2194 quem
650 2121 919 2197 provocaverat,
943 2121 978 2178 et
1003 2103 1163 2203 regibus,
1197 2123 1354 2200 quorum
1382 2099 1553 2198 sanguine
1573 2121 1630 2194 per

328 2220 400 2290 vim
423 2223 557 2317 potitus
574 2220 724 2296 fuerat¹.

459 2346 503 2415 At
519 2346 690 2440 quoniam
703 2345 870 2422 Haldano
894 2348 969 2424 fors
984 2348 1148 2446 inopinos
1164 2371 1296 2445 pugnae
1320 2367 1450 2420 causas
1462 2346 1629 2440 porrigere
1703 2419 1704 2436 2

327 2465 527 2557 consvevit,
552 2468 654 2562 qnasi
672 2494 861 2567 nunquam
877 2473 1006 2544 virium
1024 2471 1103 2568 ejus
1117 2470 1364 2567 experimentis
1379 2481 1549 2554 contenta,
1568 2489 1627 2538 ac·
1703 2447 1704 2524 l

328 2585 421 2678 cidit,
441 2605 477 2659 ut
491 2588 693 2686 Egtherus²
719 2595 904 2668 Finnensis
927 2600 1076 2692 piratico
1093 2597 1248 2666 Sveones
1265 2591 1466 2665 molestaret
1488 2593 1628 2662 incursu

329 2707 446 2803 Quem
464 2711 649 2788 llaldanus
665 2715 770 2789 ternis
797 2713 945 2790 adortus
971 2718 1132 2815 navigiis,
1157 2714 1253 2808 (nam
1280 2731 1316 2786 et
1339 2717 1372 2788 ei
1395 2709 1540 2788 totidem
1561 2733 1628 2784 etse

329 2834 580 2931 compererat,)
594 2863 688 2929 cum,
703 2855 807 2912 nocte
815 2838 979 2937 praelium
993 2839 1144 2927 finiente,
1152 2835 1333 2912 debellare
1341 2861 1415 2909 non
1424 2851 1553 2933 posset,
1564 2857 1626 2930 po-

328 2971 423 3028 stero
442 2954 500 3028 die
516 2981 559 3030 ex
579 2962 836 3055 provocatione
855 2987 978 3036 secum
994 2959 1244 3036 decernentem
1259 2963 1449 3057 oppressit.
1508 2951 1628 3028 Dente

329 3101 414 3150 cum
436 3075 585 3150 liutheri
613 3081 727 3182 reguli
758 3082 868 3156 filiam
898 3082 1109 3158 Thorildam
1133 3106 1155 3152 a
1178 3065 1408 3172 Grimmone,
1437 3080 1627 3154 exteriorum
1702 3071 1703 3090 ¹

329 3197 456 3310 virium
475 3198 615 3293 athleta,
635 3204 706 3278 sub
733 3205 845 3278 duelli
862 3209 1135 3280 comminatione
1149 3211 1260 3302 expeti
1285 3203 1535 3302 comperisset,
1558 3197 1627 3272 edi·

330 3335 498 3420 ctumque
512 3348 533 3394 a
548 3339 649 3422 patre
664 3343 765 3418 esset,
775 3329 972 3426 potiturum
989 3353 1043 3416 ea,
1053 3331 1115 3424 qui
1133 3327 1293 3424 pugilem
1310 3328 1513 3410 amovisset,
1522 3345 1629 3420 quan-

329 3467 442 3542 quam
458 3442 506 3517 ad
519 3464 736 3524 senectutem
755 3445 894 3524 cielelr's
916 3465 1139 3549 pervenerat,
1164 3475 1238 3522 non
1257 3451 1377 3522 minus
1408 3445 1525 3545 reguli
1549 3469 1629 3544 pm-

330 3569 497 3642 missione
526 3595 639 3667 quam
673 3573 815 3648 athletae
847 3573 1042 3672 petulantia
1067 3575 1277 3661 concitatus,
1300 3570 1516 3666 Norvagiam
1547 3569 1630 3663 petit.

332 3691 412 3780 Qua
431 3691 677 3785 initaneunctas
701 3698 889 3794 agnitionis
911 3723 987 3772 suae
1004 3709 1105 3768 notas
1124 3690 1319 3764 adulterina
1349 3697 1421 3764 oris
1443 3690 1561 3764 illuvie
1574 3713 1630 3760 re·

331 3833 514 3910 spergens,
532 3830 571 3888 ut
584 3841 717 3916 pugnae
733 3818 853 3892 locum
869 3820 1025 3908 accessit,
1042 3819 1143 3916 prior
1157 3841 1280 3889 ensem
1297 3814 1486 3912 destringit.
1527 3816 1630 3904 Quem

331 3931 378 4006 ad
398 3933 562 4010 hostilem
577 3943 693 4014 sciens
720 3941 919 4042 obriguisse
938 3955 1189 4040 conspectum,
1215 3935 1316 4012 humi
1341 3935 1478 4036 dejecit,
1501 3932 1631 4030 alioque

379 4125 387 4157 ¹
402 4123 534 4206 Quorum
554 4129 697 4208 sorigur‘nc
708 4153 766 4216 per
776 4134 834 4190 vine
844 4137 961 4216 potitus
1067 4119 1251 4208 ²Egtderus]
1265 4120 1419 4206 Egtherus
1436 4119 1571 4182 Blarmlae
1584 4135 1629 4178 1¹8¹

323 4224 446 4310 soeret]
454 4229 618 4309 Sangarite,
633 4229 664 4292 id
682 4245 727 4294 est
741 4235 898 4319 progenie,
918 4235 960 4296 ri-
1020 4234 1052 4294 in
1070 4231 1195 4294 historia
1218 4232 1245 4291 F
1245 4227 1385 4290 rothonis
1403 4225 1487 4289 tertii
1509 4225 1565 4308 jam
1585 4241 1629 4284 oc·

332 4326 442 4394 delicet
461 4331 589 4412 liliabus,
604 4356 690 4397 more
702 4351 872 4422 poetarum.
905 4343 961 4403 So·
1021 4349 1188 4408 currerat,
1214 4333 1332 4398 lnoolas
1352 4333 1495 4396 Biarmiae
1513 4331 1549 4396 ad
1565 4333 1590 4394 F
1589 4328 1628 4388 ln·

334 4441 398 4502 lene
419 4441 461 4502 ita
479 4440 616 4524 loquitur
635 4446 724 4506 Saxo.
752 4446 803 4508 Sic
818 4446 912 4514 tib.v
929 4469 959 4530 p.
1021 4465 1076 4506 noa
1089 4443 1195 4506 retulit
1209 4441 1375 4524 antiquitas
1391 4437 1534 4518 borealit3
1545 4436 1627 4520 igitur

336 4541 412 4608 lssl:
444 4551 569 4610 Tantum
591 4553 732 4634 sr'qrtidem
753 4555 789 4614 ab
820 4557 961 4616 renitentis
1022 4548 1074 4612 ille
1092 4548 1247 4632 Eglherus
1268 4547 1431 4610 Finnensltt
1453 4543 1499 4608 tls
1520 4541 1628 4620 81)Εὸ-

333 4655 462 4714 Frr'dleot'
474 4659 616 4716 ntcrttorioe
633 4681 669 4718 oc
684 4662 795 4718 rtorrrt'm'
809 4661 961 4730 tributum,
1022 4655 1111 4719 thero
1126 4655 1295 4720 Bisrttteusi
1312 4652 1449 4718 diversus
1465 4662 1516 4713 etl.

333 4774 366 4820 nt
388 4773 448 4820 tam
472 4763 656 4856 tenerolejus
684 4769 822 4847 sangot'm'
842 4789 961 4848 reguum

334 4863 462 4924 daretur.
484 4861 534 4938 (Sl
