3446 5458
523 375 548 392 .,
623 315 914 390 VERMUNDUS.
1294 315 1364 394 iii

109 529 210 617 eiait,
224 527 351 626 iuquit,
366 531 528 628 quisquis
551 543 615 620 est,
630 528 781 628 oogbotu
799 527 945 626 profari.
996 529 1090 600 'sum
1107 523 1204 616 Uffo,
1223 522 1355 600 frustra
1369 525 1416 600 ab

107 675 235 726 eorum
249 675 335 752 rege
355 673 507 751 regnum
522 652 654 750 appeti,
677 651 801 750 iuquit,
825 647 929 748 quod
944 662 1016 722 tum
1037 649 1171 746 proprii
1189 647 1333 722 rectoris
1353 647 1416 722 of-

108 771 191 848 ficio
215 799 327 872 quum
348 771 620 848 iustissimorum
643 797 835 873 procerum
848 777 954 846 armis
974 769 1219 870 indusriaque
1239 771 1417 846 niteretur.

109 900 285 970 Praeterea
299 919 366 970 uec
380 897 457 994 regi
472 894 586 970 filium
607 922 672 970 nec
686 921 797 999 reguo
816 917 1059 968 successorem
1073 892 1206 986 deesse,
1228 895 1417 992 sciantque,

107 1029 154 1092 se·
181 1045 256 1094 uou
287 1017 405 1094 solum
439 1019 533 1118 regis
555 1043 680 1094 eorum
704 1015 835 1107 filium,
874 1011 938 1087 sed
962 1017 1067 1088 edam
1094 1039 1348 1116 quemcunque
1376 1042 1418 1090 ex

107 1145 228 1242 geotis‘
255 1167 332 1216 sue
362 1141 561 1216 fortissimis
588 1164 713 1214 secum
737 1137 947 1226 adsciverit,
987 1137 1093 1214 simul
1117 1163 1241 1238 pugna
1270 1137 1417 1241 aggredi

107 1265 354 1356 constituisse!
405 1268 488 1359 Quo
513 1261 767 1364 auditolegati
794 1265 923 1351 risere,
952 1285 1081 1335 ranam
1105 1257 1189 1335 dicti
1207 1266 1417 1338 animosita-

107 1403 182 1460 teru
209 1389 455 1462 existimomm
518 1391 592 1460 Nec
618 1411 731 1478 mors,
757 1383 956 1460 condicitur
977 1408 1111 1485 pugnos
1142 1381 1243 1458 locus
1274 1384 1418 1460 eidem—

106 1535 184 1608 que
196 1521 289 1582 suu
304 1513 475 1608 temporis
492 1524 588 1582 meta
602 1507 810 1608 prefigitur.
862 1511 1016 1582 Tantum
1032 1521 1152 1581 autem
1167 1512 1323 1607 stuporis
1338 1507 1418 1597 Uii'o

106 1629 286 1730 loquendi
312 1656 356 1705 ac
380 1629 602 1731 provocandi
621 1636 778 1708 novitate
795 1629 1032 1730 presentibus
1049 1631 1185 1730 injecit,
1220 1646 1270 1724 ut,
1299 1643 1418 1712 utrum
1537 1726 1543 1736 .

107 1759 190 1828 voci
216 1754 297 1853 ejus
321 1779 368 1828 au
394 1751 538 1830 fiducius
561 1752 646 1854 pius
673 1753 914 1829 admirationis
936 1751 1112 1828 tributum
1143 1753 1206 1844 sit,
1244 1760 1419 1832 incertum

105 1879 271 1954 extiterit

241 1998 465 2074 Abeuntibus
478 2013 598 2074 autem
610 1999 746 2100 legatis,
765 2001 999 2095 Vermuudus,
1013 2003 1255 2101 responsionis
1273 2016 1420 2084 auctore

106 2123 270 2215 laudato,
293 2121 398 2222 quod
410 2125 549 2198 virtutis
562 2121 731 2198 fiduciam
749 2129 875 2198 nonin
893 2127 1009 2218 unius,
1023 2124 1089 2200 scd
1106 2123 1262 2210 duorum
1277 2148 1419 2223 provo-

108 2250 255 2322 catione
268 2247 443 2335 statuerit,
462 2247 584 2346 potius
602 2248 701 2336 sesi,
725 2250 935 2346 quicunque
948 2253 1004 2340 sit,
1021 2273 1133 2346 quarn
1145 2245 1306 2346 superbo
1325 2243 1418 2350 hosti

105 2393 222 2470 regno
246 2392 431 2442 cessurum
444 2367 638 2468 perbibuit.
688 2372 869 2452 Uuirersis
884 2385 1004 2444 autem
1027 2371 1140 2445 filium
1163 2372 1245 2468 ejus
1265 2393 1343 2444 esse
1359 2383 1419 2444 te·-

104 2491 297 2584 stantibus,
321 2495 383 2591 qui
406 2491 608 2592 legatorum
623 2491 756 2589 fastum
781 2489 924 2566 fiducias
945 2491 1163 2568 sublimitate
1184 2509 1420 2588 contempse-

106 2616 163 2706 rit,
189 2614 342 2713 propius
356 2639 440 2688 euru
454 2612 627 2688 accedere
650 2613 765 2712 jubet,
790 2613 893 2712 quod
906 2612 1022 2690 oculis
1044 2631 1221 2714 nequeat,
1253 2611 1420 2687 manibus

106 2753 331 2837 experturus.
399 2739 562 2836 Corpore
592 2734 722 2810 deinde
747 2739 826 2836 ejus
850 2741 1026 2812 curiosius
1050 2740 1308 2828 contrectatum,
1336 2759 1442 2812 cunt·

106 2887 151 2936 ex
168 2877 315 2934 artuum
328 2858 528 2960 granditate
544 2856 837 2959 lineamentisque
856 2860 971 2936 filium
989 2883 1067 2934 esse
1086 2877 1287 2961 cognosset,
1310 2858 1420 2940 fldem

107 2982 347 3060 assertoribus
360 2981 497 3058 babere
524 2988 636 3080 coepit
660 2989 937 3084 percontarique
954 3007 1055 3078 eum,
1090 3009 1157 3058 cur
1171 2983 1419 3060 suavissimum

108 3109 212 3182 vocis
225 3104 391 3178 habitum
409 3129 552 3180 summo
568 3104 858 3182 dissimulationis
876 3106 996 3180 studio
1021 3105 1212 3208 tegendum
1232 3109 1422 3194 curaverit,

107 3245 284 3328 tantoque
297 3233 409 3302 aetatis
433 3233 548 3326 spatio
571 3229 650 3302 sine
673 3255 764 3304 voce
786 3247 821 3304 et
849 3237 986 3306 cunctis
1013 3225 1185 3329 loquendi
1200 3230 1422 3334 commerciis

106 3353 244 3455 degere
266 3353 492 3446 sustinuerit,
517 3367 557 3424 ut
581 3375 621 3426 se
646 3351 778 3452 lingum
800 3377 949 3452 prorsus
968 3352 1087 3434 officio
1109 3351 1291 3426 defectum
1322 3352 1418 3424 nuti-

106 3500 240 3574 veqne
260 3476 503 3570 taciturnitatis
519 3475 603 3548 vitio
619 3474 778 3550 obsitum
792 3475 890 3548 credi
905 3477 1147 3574 permitteret?
1173 3478 1241 3568 Qui
1262 3499 1421 3572 respou-

106 3599 171 3688 dit,
195 3623 239 3672 se
262 3612 411 3695 paterna
425 3595 600 3671 haetenus
626 3597 833 3700 defensioue
849 3613 1073 3686 contentum,
1106 3623 1180 3670 non
1205 3603 1307 3694 prius
1324 3602 1423 3672 vocis

104 3709 228 3794 officio
241 3743 339 3818 opus
355 3717 547 3810 imbuisse,
577 3745 689 3822 quam
705 3718 939 3793 domesticam
954 3719 1180 3817 prudentium
1197 3711 1343 3794 externa
1360 3718 1421 3794 lo·-

104 3844 474 3942 qrneitatepressam
501 3841 808 3916 animadverteret.
874 3845 1036 3940 Rogatus
1070 3845 1157 3918 item
1180 3842 1229 3916 ab
1255 3869 1320 3934 eo,
1357 3869 1423 3916 cur

104 3966 204 4040 duos
228 3989 342 4064 quam
369 3991 483 4039 unum
505 3991 708 4064 provocare
738 3966 880 4056 maluit,
908 3964 1005 4039 huno
1032 3964 1166 4040 idcirco
1187 3963 1423 4040 dimicationis

102 4087 257 4180 modum
272 4081 349 4162 use
363 4103 570 4186 exoptatum
585 4089 780 4188 respondit,
800 4107 838 4164 ut
856 4089 979 4162 Athisli
995 4090 1091 4188 regis
1105 4090 1307 4187 oppressio,
1326 4113 1423 4186 quse,

103 4209 211 4310 quod
228 4237 251 4282 a
269 4210 413 4286 dnobus
435 4227 534 4311 gestu
556 4213 681 4302 fuerat,
706 4216 817 4286 Duuis
840 4211 1041 4310 opprobrio
1057 4211 1208 4302 extabat,
1230 4215 1336 4284 unius
1360 4209 1422 4282 fa-

102 4339 230 4406 cinore
253 4350 483 4432 pensaretur,
518 4359 730 4436 novumque
758 4337 897 4408 virtutis
925 4337 1110 4434 specimen
1141 4333 1258 4431 prisca
1280 4331 1423 4410 ruboris

157 4581 323 4670 'Corpore
364 4591 506 4648 currosrirs
542 4585 737 4669 contrectato]
798 4590 1003 4654 cumlrurneros
1018 4589 1196 4670 taurusque
1209 4601 1238 4648 rt
1251 4587 1424 4668 obruemu-
1491 4583 1493 4590 ’

100 4687 382 4755 Haucsuuteutiam
395 4691 654 4776 Sueuodggouis,
669 4711 738 4758 ean·
799 4720 848 4760 ras
868 4712 955 4782 atque
977 4695 1083 4764 trites,
1120 4709 1280 4777 ceteraque
1299 4693 1424 4756 membra

101 4791 181 4854 dum
196 4813 321 4858 narrans
335 4793 511 4878 'histor-inu,
530 4799 573 4862 ita
592 4797 738 4881 expressit
797 4805 938 4886 organica
951 4801 1048 4863 crebro
1058 4787 1226 4887 palpasset,
1240 4799 1350 4869 Talem,
1366 4805 1423 4870 cu't,

101 4897 227 4982 (script
246 4917 306 4964 rer·
330 4907 407 4969 Dan.
428 4905 487 4969 sol.
515 4903 531 4968 1
555 4927 584 4990 p.
607 4893 676 4982 dfi)t
699 4908 736 4966 Et
797 4910 1086 4990 urcmomr'ru't'uslorc
1101 4906 1423 4987 exstitissejuoentutr's.
