3442 5456
358 304 434 387 302
707 313 882 386 lustum.
899 313 1003 385 DAN.
1018 311 1156 385 LIBER
1174 313 1231 386 Vl.

215 551 218 568 ·
310 518 491 598 buendixm
508 525 658 622 p'utavit„
678 527 765 597 Osse
781 519 911 619 itaque,
928 521 1028 623 cpxod
1037 519 1214 598 vescendo
1229 542 1336 626 carne
1351 521 1616 622 spoliarentin

307 647 447 722 vultum
474 639 711 747 gesticulantis
737 646 917 745 projecto,
949 643 1075 745 plenas
1109 670 1279 746 aurarum
1308 644 1446 722 buee'as
1468 643 1616 722 violente

305 771 409 845 ssatus
430 771 638 843 excussione
653 765 794 842 laxavit.
825 765 929 863 'Quo
946 767 1052 861 lacto,
1078 783 1254 869 quantum
1279 769 1447 844 severitas
1466 772 1618 844 scerxicos

304 894 455 993 plausus
477 889 675 978 iastideret,
702 890 858 966 edocuit.
926 897 975 967 lta
1004 891 1181 992 siquidem
1193 869 1379 965 bbseratae
1403 914 1512 967 aures
1533 892 1616 966 nulli

305 1017 499 1115 voluptatis
530 1009 670 1086 ellectui
703 1029 904 1111 patuerunt.
987 1017 1147 1116 Dignum
1169 1011 1338 1088 histrione
1360 1039 1495 1090 munus
1526 1019 1615 1114 turpi

305 1139 456 1240 praemio
474 1135 635 1208 deforme
654 1135 835 1210 mulctavit
852 1137 1080 1237 obsequium.
1134 1137 1337 1240 Siquidem1
1359 1137 1516 1237 optimus
1537 1161 1615 1208 me—

305 1264 453 1336 ritorum
484 1259 676 1332 aestimator
693 1264 852 1332 muneris·
869 1259 951 1334 loco
973 1257 1107 1333 tibicini
1128 1259 1252 1334 tibiam
1274 1263 1469 1364 erogavit²,
1485 1283 1527 1332 ac
1543 1259 1615 1332 du-

303 1402 384 1457 rum
400 1379 575 1456 mercedis
593 1405 705 1482 genus
721 1380 823 1456 molli
838 1373 1100 1456 officio'retulit.
1160 1387 1284 1483 Itaque
1306 1389 1449 1476 mimus,
1471 1385 1616 1474 nescias,

303 1498 468 1582 sonorius
487 1505 652 1577 cecinerit
673 1529 719 1577 an
746 1501 891 1596 fleverit,
910 1499 1021 1605 quam
1035 1487 1164 1605 parum
1192 1511 1228 1578 in
1247 1505 1437 1602 luxuriosis
1458 1508 1616 1604 pectori-

303 1628 373 1702 bus
398 1624 569 1701 iortitudo
583 1625 793 1725 possideat,
830 1627 942 1702 effusa
970 1626 1209 1726 lacrymarum
1239 1627 1429 1703 acerbitate
1462 1643 1615 1704 testatus.

303 1755 428 1850 Neque
442 1751 547 1840 enim,
569 1751 631 1848 qui
648 1765 760 1825 totum
781 1775 820 1824 se
834 1749 1008 1849 voluptati
1024 1751 1286 1842 substraverat,
1315 1750 1538 1851 quandoque
1552 1777 1615 1824 ca-

303 1874 465 1947 lamitatis
482 1862 664 1944 meipsum
686 1871 839 1946 tolerare
857 1868 1038 1946 didicerit,
1106 1875 1221 1975 Cujus
1235 1869 1334 1950 lmsio
1353 1873 1490 1950 futuras
1506 1899 1615 1948 coenae

303 1987 425 2069 clades
449 1999 605 2069 ominata
629 2012 692 2068 est.
760 1999 805 2067 Et
829 1991 923 2069 bene
937 1995 1096 2094 'quidem
1121 1997 1240 2072 cultor
1259 1997 1453 2098 severitatis
1478 1997 1615 2071 animus

303 2113 466 2194 vindicta}
484 2123 897 2217 constantiampertineci
917 2121 1088 2218 gravitate
1104 2117 1330 2218 complexus,
1347 2121 1421 2218 qui,
1442 2135 1614 2218 quantum

301 2240 564 2331 alienavimus,
588 2257 721 2314 tantum
745 2267 787 2313 ex
811 2238 946 2313 fidibus
962 2236 1090 2315 fastidii
1115 2240 1232 2335 traxit,
1255 2241 1435 2341 probroso
1452 2219 1543 2316 ossis
1555 2243 1614 2341 ja-

300 2381 359 2440 ctu
384 2367 575 2464 ingratum
589 2367 751 2462 pensavit
774 2359 951 2455 cilicium,
980 2361 1064 2461 plus
1089 2389 1128 2438 se
1151 2364 1301 2438 valentis
1326 2364 1429 2468 amici
1446 2366 1612 2460 speciosis

300 2483 496 2577 ¹cinei-ihm,
520 2501 630 2586 quam
654 2483 830 2584 improbis
862 2479 1063 2585 turpissimi
1089 2483 1224 2559 alumni
1250 2486 1415 2560 moribus
1448 2482 1612 2562 debuisse

300 2606 495 2685 confessus.
544 2607 705 2682 Deinde³
721 2597 763 2681 ¹iu
778 2607 992 2709 ampliorem
1007 2605 1188 2684 histrionis
1216 2591 1516 2709 suggxtlauonem'
1533 2630 1612 2682 mox

299 2732 478 2807 citandum
496 2733 661 2806 carmen*
682 2731 871 2806 subtexuit
929 2732 1065 2830 Regina
1083 2755 1169 2808 vero
1187 2735 1362 2822 virtutem,
1375 2753 1489 2830 quam
1505 2729 1613 2806 debi-

298 2855 400 2929 litare
418 2855 652 2955 nequiverat,
686 2869 852 2953 stupens,⁴
872 2855 962 2955 ejuS,
986 2877 1096 2955 quem
1125 2851 1254 2929 frustra
1277 2853 1462 2929 beneflciis
1495 2855 1612 2946 coluit,

299 2978 501 3051 admiratrix
517 2976 638 3050 evasit.
760 2997 761 3000 ’
1618 2955 1621 2966 ¹

386 3117 390 3124 ’
430 3097 564 3174 Videns
581 3117 698 3173 autem
714 3093 973 3190 Starcatberus',⁴
990 3120 1063 3191 eos,
1085 3104 1148 3198 qui
1171 3097 1389 3172 Frothonem
1415 3125 1609 3201 oppresse·

201 3227 204 3232 '
297 3229 397 3313 'rann‘
424 3225 460 3294 in
484 3243 625 3296 summa
641 3213 734 3324 regis
748 3221 952 3321 dignatione
972 3223 1116 3314 uersari,
1142 3223 1310 3322 concepti
1322 3221 1455 3298 luroris
1470 3225 1608 3322 magni-

284 3345 454 3420 tudinem
482 3349 658 3421 ecerrimo
683 3344 874 3420 oculorum
890 3343 1018 3419 habitu
1033 3343 1213 3445 prodidit,
1229 3345 1478 3448 internosque
1495 3361 1608 3418 motus

296 3483 441 3542 externo
465 3471 537 3542 oris
570 3467 700 3542 indicio
728 3465 911 3568 patefecit,
934 3465 1112 3542 occultam
1144 3468 1251 3540 enimi
1273 3467 1471 3566 procellam
1494 3481 1606 3565 aperta

294 3589 475 3663 luminum
489 3591 622 3666 saevitia
639 3607 796 3666 testatus.
848 3593 1014 3690 Denique
1031 3589 1170 3691 lngello
1184 3613 1224 3664 se
1246 3591 1352 3691 regiis
1369 3587 1526 3689 dapibus
1543 3587 1607 3661 de-

294 3711 408 3786 lenire
423 3715 596 3812 cupiente,
622 3711 782 3787 edulium
799 3710 943 3812 repulit,
969 3711 1073 3811 quod
1095 3710 1254 3812 vulgaris
1277 3713 1347 3788 cibi
1366 3711 1501 3789 vilitate
1518 3737 1605 3787 con-

297 3849 409 3908 tentus
438 3839 628 3937 peregrina
650 3833 850 3907 admodum
878 3831 1031 3909 obsonia
1049 3833 1253 3928 fastidiret,
1285 3837 1605 3935 communibusque

295 3957 409 4056 epulis
434 3975 597 4034 assuetus
619 3955 753 4031 nullius
767 3955 891 4056 gulam
906 3963 1046 4058 saporis
1061 3957 1297 4031 oblectatione
1314 3957 1489 4059 palparet.
1532 3937 1603 4032 ¹ln-

341 4159 654 4248 umerumque
667 4159 926 4248 membranequi·
978 4160 1115 4228 tibicinis
1134 4159 1307 4246 impigeret.
1360 4164 1419 4226 Est
1437 4163 1538 4250 itaque
1557 4160 1601 4226 tic

296 4269 371 4333 don
983 4269 1016 4334 iu
1031 4267 1206 4334 vocetibiae
1219 4265 1418 4352 amphibolia.
1436 4266 1487 4352 (S)

1034 4373 1185 4454 ’Deaidd
1198 4376 1324 4460 Eregm.
1342 4373 1471 4439 Membr.
1483 4380 1599 4439 Deruent-

340 4481 493 4542 'liburiae'
508 4479 607 4543 tibiam
625 4477 774 4566 eroganti]
796 4483 866 4545 Non
885 4480 923 4544 ti·
1031 4483 1136 4544 ‘Moe
1157 4459 1309 4544 ditandum
1338 4479 1469 4564 carmen]
1488 4483 1597 4563 magn

295 4579 386 4662 biam,
407 4605 499 4668 quam
520 4583 629 4648 inflare
643 4599 783 4670 poterat,
809 4587 865 4652 sed
884 4587 924 4651 ti·
983 4581 1150 4650 Membren.
1177 4587 1342 4669 hujusmodi
1368 4612 1492 4653 carnion.
1530 4585 1598 4678 Qu&

295 4683 378 4750 biam
405 4707 495 4752 cerne
522 4688 686 4773 nudatam,
723 4693 783 4757 boe
808 4707 854 4758 est
878 4715 924 4772 os,
984 4691 1108 4779 quidem
1130 4691 1222 4756 lectio
1242 4713 1316 4758 vera
1337 4713 1402 4760 esse
1420 4692 1597 4772 videtequ-

294 4793 379 4878 quod
397 4794 480 4857 inter
499 4796 680 4862 vescendum
700 4819 791 4863 earne
811 4801 925 4885 spolie·
984 4819 1089 4886 guent,
1102 4797 1154 4862 hic
1169 4797 1273 4866 edesse
1287 4804 1426 4866 lacunam
1441 4811 1473 4864 et
1488 4811 1595 4862 carmen

296 4909 401 4974 verat,
436 4898 529 4982 inque
554 4901 690 4966 bootem
716 4906 924 4988 gesticulandi
983 4905 1021 4969 de
1039 4905 1165 4970 tibicine
1178 4905 1331 4972 excidisse.
