3476 5460
630 309 837 386 CANUTUS
854 312 879 380 l.
1281 307 1355 386 ddi

95 528 154 628 gis
171 521 389 612 immabula
404 537 570 601 tueantur.
624 518 726 597 Unde
740 525 814 594 etei
830 517 979 618 quidam
992 541 1120 614 parum
1139 519 1320 605 annalium
1333 549 1406 622 pe-

99 649 175 724 riti1
194 645 352 723 medium
368 647 407 721 iu
420 643 517 727 lastis
533 644 653 734 locum
667 642 837 716 tribuunt.
887 641 1052 736 Cumque
1065 641 1235 735 Canutus,
1250 641 1409 723 decursis
1446 631 1449 642 ’

100 768 348 848 adolescentie
363 770 496 868 spatiis,
512 765 562 845 ab
577 766 678 840 anuis
697 763 895 840 virilitatem
910 765 1080 855 traxisset,
1107 765 1245 858 amotis
1261 771 1322 864 qui
1338 767 1409 847 sihi

101 891 316 978 beneficium
340 889 563 968 educationis
581 885 843 988 impenderant,
865 909 908 958 er
932 908 1036 982 paene
1069 883 1256 982 desperato
1274 885 1409 972 adole·-

100 1030 218 1092 mente
238 1029 343 1090 autor
358 1015 547 1112 insperate
560 1009 749 1110 probitatis
761 1011 887 1084 evasit:
904 1005 977 1082 hoc
995 1003 1287 1098 uno'deflendus,
1310 1011 1411 1110 quod

103 1136 244 1234 absque
260 1135 467 1221 Christianae
486 1133 665 1234 religionis
686 1128 886 1229 insignibus
911 1151 933 1198 e
951 1129 1021 1202 vita
1043 1126 1091 1202 ad
1112 1144 1262 1206 mortem
1278 1137 1410 1210 nensi-

101 1275 178 1335 tum
192 1256 329 1343 habuit.

157 1405 160 1412 ·
233 1379 304 1454 Sed
321 1403 405 1455 mox
422 1375 470 1452 ad
486 1376 598 1454 filium
619 1381 697 1478 ejus
720 1375 940 1450 Frothouem
956 1397 1074 1446 rerum
1099 1397 1239 1448 summa
1256 1400 1412 1454 conces-

101 1501 155 1576 sis
217 1501 332 1599 Cujus
354 1499 508 1590 lenuna,
532 1501 639 1576 annis
662 1498 833 1596 belloque
850 1493 949 1586 alita,
988 1519 1033 1570 eo
1057 1493 1230 1573 felicitatis
1253 1507 1414 1591 excessit,

102 1638 146 1698 ut
160 1624 374 1720 protincias,
399 1647 483 1724 qngae
499 1623 648 1696 aDanis
665 1617 850 1720 quondam
868 1615 1080 1708 defecerant,
1096 1619 1246 1717 pristino
1267 1619 1413 1700 adaem

102 1747 197 1843 jugo
222 1745 366 1821 vetustis
381 1742 540 1844 alligaret
552 1744 743 1844 obsequiis.
796 1743 866 1835 Qui
888 1744 991 1814 etiam
1007 1763 1048 1818 se
1076 1742 1196 1840 ipsum
1214 1742 1316 1842 apud
1332 1750 1413 1820 Διι-

104 1866 229 1967 gliam,
240 1867 316 1964 jam
329 1865 472 1965 pridem
487 1867 741 1944 Christianismi
755 1869 918 1964 peritam,
936 1861 1143 1938 solennibus
1158 1867 1262 1964 aquis
1277 1863 1414 1944 hume-

103 1987 277 2063 ctandurn
303 1986 473 2063 exhibuit.
541 1993 717 2064 Caeterum
743 1990 920 2086 privatam
940 1983 1092 2060 salntem
1114 2009 1217 2060 suam
1233 1995 1268 2062 in
1284 1991 1414 2088 publi-

104 2135 188 2193 casn
204 2109 401 2194 exuberare
414 2116 574 2210 cupiens,
599 2113 647 2186 sb
664 2114 853 2210 Agapim²‚
884 2112 946 2206 qui
970 2123 1056 2180 tunc
1078 2107 1225 2186 civitatis
1241 2113 1414 2190 Romanu

103 2233 219 2311 sacris
234 2249 398 2331 praeerat,
422 2235 572 2308 Daniam
589 2233 756 2310 diuinitus
772 2227 905 2306 erudiri
921 2229 1050 2328 petivit
1101 2231 1210 2322 Quod
1224 2249 1416 2333 antequam

104 2356 201 2437 volis
211 2373 455 2455 exequeretur,
479 2357 691 2453 absumptus
707 2370 768 2430 est
827 2355 917 2440 Nam
935 2349 1014 2426 fatis
1029 2354 1103 2426 suis
1120 2355 1291 2430 Romanae
1307 2356 1414 2458 lega-

106 2481 214 2554 tionis
235 2479 467 2576 praecucurrit
480 2477 692 2570 adveutnm;
717 2478 835 2552 animo
852 2492 944 2552 certe
963 2498 1073 2575 quam
1089 2475 1213 2551 effecto
1238 2485 1415 2576 superior,

105 2615 317 2701 tantumque
330 2623 496 2699 supernus
510 2601 809 2698 compensationis
822 2598 872 2674 ob
895 2597 1034 2697 pietatis
1060 2600 1287 2697 propositum
1310 2627 1415 2678 asse·

105 2739 226 2817 cutus,
247 2738 424 2824 quantum
439 2723 573 2799 caeteris
589 2738 779 2822 prestatur
794 2747 837 2796 ex
852 2745 974 2820 opere.

158 2977 309 3060 ¹Qut'dana
327 2997 437 3062 porum
456 2977 607 3038 annalium
625 2972 731 3062 percit]
796 2991 854 3060 que
874 2973 968 3058 igitur
989 2992 1057 3035 eum
1071 2985 1102 3036 et
1125 2973 1273 3038 Ottonem
1287 2971 1416 3058 impers-

109 3085 255 3166 Argunnt
267 3081 334 3147 hac
347 3077 456 3160 verba,
474 3079 620 3144 exstitisse
643 3092 733 3146 aetate
795 3092 894 3150 torem
917 3101 975 3145 una
988 3079 1097 3142 vixisse
1114 3089 1212 3142 atate.
1253 3075 1357 3145 Nihilo
1372 3091 1417 3144 ta·

109 3185 240 3250 Saxonis
254 3187 373 3272 plnres,
396 3186 448 3274 qui
464 3185 609 3270 catalogis
620 3197 734 3272 'regum
796 3205 866 3249 men
878 3183 974 3247 secius
990 3186 1070 3248 Saxo
1087 3186 1190 3269 plnres
1207 3203 1294 3270 reges
1312 3197 1343 3253 et
1363 3185 1418 3252 ho·

74 3333 77 3340 ·
109 3290 220 3356 Daniss
265 3288 491 3362 conscribendis
535 3289 738 3375 incubuerint,
797 3313 865 3356 rum
887 3313 979 3353 unum
995 3288 1191 3376 grandaemtn
1211 3289 1249 3354 ab
1266 3289 1325 3356 hoc
1342 3295 1419 3357 Fro-

111 3412 144 3463 et
174 3409 336 3483 supersunt
362 3395 461 3461 adhuc
491 3396 567 3460 tales
596 3398 737 3484 catologi,
797 3397 892 3461 thone
914 3394 952 3459 ad
977 3409 1096 3460 aetatem
1125 3397 1250 3462 Ottonis
1278 3419 1419 3487 regnasse
1502 3465 1507 3477 ,

110 3503 300 3590 quiSsxonis
309 3514 428 3565 statem
442 3501 592 3586 attingere
608 3505 738 3589 volpro-
797 3501 912 3565 scribit.
981 3501 1063 3565 ilinc
1089 3503 1229 3566 nonnulli
1257 3503 1419 3570 lectionem

109 3611 193 3674 sine
217 3609 256 3673 ad
279 3629 346 3674 sam
368 3607 513 3671 smedere
532 3607 683 3689 ridentur,
707 3610 739 3672 in
798 3607 1021 3672 sollicitandam
1046 3627 1125 3685 esse,
1161 3607 1213 3672 elii
1239 3609 1420 3676 Pontificem

111 3715 216 3802 primo
242 3717 393 3779 volumine
419 3713 612 3799 Scriptorum
635 3734 738 3777 rerunt
799 3711 949 3798 quendam
965 3712 1056 3797 hujus
1068 3713 1198 3778 nominis
1212 3714 1293 3778 inter
1310 3717 1422 3782 Hadri·
1558 3717 1572 3743 ⁸

112 3820 300 3886 Danicaruns
314 3821 444 3884 collecti
484 3824 567 3883 inter
587 3819 643 3883 hos
664 3841 740 3884 unna
800 3841 891 3883 anum
906 3823 946 3883 111
965 3831 996 3883 et
1012 3819 1200 3906 Stephanum
1218 3822 1250 3889 V
1265 3814 1422 3885 intruden-

111 3938 254 3990 receuset
284 3925 502 4011 Eunignnpnm
533 3925 740 4012 interreges,
799 3923 872 3990 dum
893 3939 1169 3990 succensuerunt.
1244 3928 1325 3989 Huic
1347 3947 1421 3991 sero

109 4031 171 4095 sed
195 4032 236 4094 ita
267 4040 304 4094 ut
330 4051 399 4094 eum
421 4029 514 4094 faciat
533 4049 738 4097 succmsorom
800 4029 960 4110 Ponfdici,
987 4019 1022 4094 u't
1042 4030 1104 4113 jam
1125 4031 1299 4096 observarit
1315 4033 1422 4096 Gram-

113 4135 263 4221 Syro-di,
289 4157 377 4200 asum
404 4155 477 4198 tero
502 4137 621 4200 Canuti.
688 4143 737 4203 De
799 4138 887 4216 mins,
900 4134 1283 4202 stmtehistorimreritate
1299 4150 1332 4201 et
1346 4151 1422 4204 tern-

115 4243 245 4306 historia
259 4241 368 4307 Canuti
387 4239 548 4306 admodum
559 4241 681 4307 turbata
696 4255 740 4307 at·
799 4263 921 4328 porum,
943 4241 1028 4306 lucus
1044 4257 1108 4304 ease
1126 4239 1159 4304 in
1179 4241 1363 4308 Pontificum
1376 4265 1422 4310 se·

116 4346 382 4434 que‘inccrtavid.
395 4346 590 4412 observatio
605 4361 669 4413 not.
689 4347 740 4411 ub.
800 4348 845 4412 rie
866 4369 929 4411 non
943 4357 1055 4432 potest.
1100 4346 1278 4410 lectionem
1298 4367 1373 4414 tero
1390 4351 1423 4414 in

799 4451 933 4516 edidere
952 4452 1091 4538 principe
1118 4464 1274 4537 receptam
1302 4465 1334 4518 et
1360 4455 1424 4541 epi·

167 4561 234 4622 ²At
247 4557 394 4647 Agapito]
409 4563 477 4623 lam
496 4558 614 4622 monuit
633 4559 741 4622 Gram·
798 4571 883 4622 tomc
913 4557 1090 4639 Gbeysrneri
1117 4555 1243 4644 (Script.
1269 4577 1330 4622 rer.
1344 4563 1423 4626 Dan.

120 4663 392 4747 mins,Agspetum
414 4666 514 4743 ntum,
540 4663 656 4727 scilicet
680 4662 740 4726 hoc
800 4655 1423 4748 vot.11p.3st)e21{ranoitnam(ttb.

119 4769 245 4832 nomine
266 4769 441 4847 secundnm,
463 4773 632 4832 Romanam
655 4781 742 4832 tenu·
802 4771 846 4836 Ν
860 4787 925 4854 cap.
941 4763 980 4832 15
994 4790 1025 4853 p.
1043 4764 1095 4850 79)
1110 4769 1183 4832 satis
1193 4780 1326 4836 tuentur.
1350 4775 1424 4840 Plu·
1547 4775 1559 4808 ⁸

117 4875 181 4938 isse
196 4873 298 4942 sedem
320 4875 358 4941 ab
379 4895 459 4940 anuo
474 4871 537 4940 946
552 4873 591 4939 ad
606 4871 678 4953 956,
699 4887 744 4938 at·
804 4897 839 4938 ra
853 4871 891 4936 de
905 4874 1064 4938 Frothone
1078 4871 1138 4940 vid.
1157 4874 1191 4936 iu
1207 4887 1272 4941 not
1286 4875 1370 4942 uber.

1135 4977 1235 5076 (3⁰⁴)
