3458 5454
369 303 443 376 336
700 299 876 370 tttstutt.
895 299 1001 372 litat
1016 301 1155 376 LtttEtt
1172 303 1204 376 ll
1204 303 1244 374 11.

318 512 413 586 sorte
440 510 512 586 luci
542 509 721 608 pervenit,
758 508 824 582 obi
852 515 1050 610 piratarum
1079 535 1208 614 agrurn
1247 519 1365 606 amissi
1399 513 1499 591 bello
1525 513 1624 614 dacis

318 635 498 708 interitum
530 630 750 728 deplorabat.
828 637 859 706 ll
896 635 1034 734 quibus
1077 635 1129 710 ub
1168 637 1295 709 lormaa
1330 635 1625 736 pulchritudinem

320 761 476 854 piraticae
508 756 676 852 princeps
706 770 841 844 creata,
882 758 1039 855 majores
1071 755 1239 830 muliebri
1266 760 1393 832 virtute
1420 783 1485 832 res
1513 757 1626 832 edidit.

320 882 437 972 Quam
446 878 510 950 All
520 875 655 949 crebris
668 876 899 975 navigationis
915 877 1101 952 laboribus
1121 881 1281 954 insectari
1300 897 1459 972 conatus,
1471 883 1509 952 iu
1527 880 1627 954 Blau-

321 1025 536 1074 mannurum
561 1002 653 1075 forte
676 1002 848 1089 classem,¹
868 999 997 1100 hyeme
1019 998 1146 1074 incidit.
1212 1006 1293 1095 Quo
1315 1017 1479 1100 tempore
1501 1002 1627 1078 deusa-

321 1126 363 1196 tis
381 1148 556 1222 aquarum
575 1123 758 1197 cuaetibus
776 1139 871 1195 tanta
894 1121 1020 1222 glaciei
1040 1121 1153 1198 moles
1177 1147 1287 1198 nares
1305 1125 1490 1222 corripuit,
1521 1142 1562 1198 nt
1586 1127 1628 1197 eis

320 1243 420 1319 nulla
436 1245 635 1344 remigandi
654 1247 932 1344 visprucessum
951 1258 1089 1316 struere
1103 1250 1281 1342 potuisset
1334 1247 1503 1346 Cumque
1519 1245 1629 1346 frigu-

321 1369 368 1442 ris
387 1366 601 1442 diuturnitas
625 1372 790 1440 tutiorem
822 1362 1001 1438 conclusis
1021 1367 1215 1464 sponderet
1227 1369 1402 1443 incessum
1409 1419 1422 1458 ,
1449 1367 1558 1466 jubet
1580 1367 1634 1467 lit

272 1549 281 1558 .
322 1514 407 1565 snos
423 1504 627 1562 concretum
643 1487 761 1588 pelagi
776 1491 891 1562 sinum
907 1486 1066 1588 caligatis
1089 1504 1221 1562 teutme
1239 1490 1407 1590 vestigiis,
1431 1489 1629 1566 calceorum

322 1613 524 1688 lubricitate
541 1610 703 1710 deposita
726 1611 874 1712 glaciale
891 1611 1040 1710 planum
1064 1609 1202 1686 firmius
1225 1635 1471 1711 percursurus.
1534 1618 1628 1709 Quos

321 1736 529 1810 Elacmanni
553 1738 733 1810 succincta
757 1734 890 1833 pedum
916 1733 1069 1834 agilitate
1098 1734 1194 1835 fugae
1217 1735 1403 1810 consulere
1428 1742 1514 1831 rati,
1553 1740 1630 1812 inita

325 1886 409 1934 cum
427 1860 477 1932 eis
491 1882 625 1957 pugna,
640 1857 887 1932 vacillantibus
902 1859 1049 1932 nimium
1066 1881 1207 1932 cessere
1219 1861 1385 1958 vestigiis,
1397 1875 1523 1958 utpote
1538 1885 1630 1960 quo-

324 2009 406 2058 rum
427 1982 595 2080 ancipites
621 1980 757 2080 gradus
784 1980 992 2078 subjectum
1027 1980 1159 2079 plantis
1190 1981 1390 2054 lubricum²
1418 1983 1631 2082 impellebat.

324 2107 418 2178 Daui
444 2127 538 2195 reru,
564 2119 758 2178 crustatum
784 2101 907 2200 algore
926 2100 1075 2202 pelagus
1091 2125 1202 2200 passu
1217 2104 1347 2178 tutiore
1361 2108 1560 2202 pertuensi,
1576 2109 1629 2179 iu-

324 2227 449 2302 firmos
471 2225 628 2300 bostium
651 2225 777 2301 elisere
802 2249 1024 2324 progressus.
1086 2223 1232 2317 Quibus
1250 2224 1409 2320 devictis,
1432 2231 1630 2328 navigatio-

325 2377 407 2425 nem
421 2354 457 2422 in
473 2352 634 2422 Finuiam
650 2365 801 2424 vertunt.
859 2349 929 2420 Ubi
945 2353 1213 2422 contractiorem
1237 2347 1330 2422 forte
1348 2351 1465 2424 sinum
1479 2352 1630 2452 ingressi,

327 2476 458 2565 missis,
480 2476 543 2570 qui
558 2497 678 2546 rerum
702 2470 866 2544 habitum
889 2468 1133 2568 explorarent,
1162 2472 1286 2570 paucis
1305 2472 1461 2548 uatibus
1492 2489 1631 2571 portam

259 2683 262 2688 ,
326 2597 497 2696 occupari
521 2611 754 2696 cognoscunt
812 2593 955 2668 Alvilda
969 2596 1107 2694 qnippe
1127 2592 1271 2668 easdem
1284 2594 1444 2668 faucium
1458 2597 1631 2696 augustias

325 2725 424 2820 prior
440 2719 552 2794 classe
574 2721 752 2816 petiverat.
805 2722 894 2809 Quae
911 2743 996 2789 cum
1025 2717 1163 2816 ignotas
1178 2721 1318 2792 eminus
1339 2741 1487 2817 puppes
1514 2718 1631 2794 adesse

329 2845 563 2941 conspiceret,
586 2843 736 2937 praepeti
758 2841 904 2938 remigio
921 2838 1025 2913 velox
1046 2842 1083 2912 iu
1100 2865 1228 2914 eorum
1250 2837 1412 2916 defertur
1435 2865 1632 2931 cucumam,

326 2969 529 3062 irrumpere
542 2962 681 3036 bostem
700 2985 809 3060 quam
825 2963 984 3060 opperiri
1000 2967 1111 3036 satius
1123 2961 1298 3060 judicans.
1343 2965 1447 3038 Tune
1462 2964 1534 3054 Atf,
1547 2988 1630 3064 pro-

326 3087 536 3162 hibentibus
558 3089 687 3175 sociis,
716 3083 841 3181 plures
861 3107 973 3156 naves
995 3085 1229 3182 paucioribus
1254 3090 1432 3178 coenari,
1452 3085 1631 3186 indignam

244 3261 251 3272 -
328 3209 531 3310 respondit,
556 3222 596 3280 nt
612 3204 764 3279 atvttdae
782 3211 863 3305 quis
880 3205 1046 3304 perferat,
1068 3229 1267 3302 paucarum
1294 3211 1476 3306 puppium
1495 3209 1632 3308 objectu

329 3355 528 3430 procursus
548 3332 605 3404 sui
632 3328 751 3403 studia
782 3327 982 3420 deturbari,
1011 3327 1191 3426 praefatus,
1220 3351 1343 3426 parvae
1374 3329 1428 3401 rei
1457 3346 1633 3404 monento

329 3478 544 3554 magnorum
570 3479 722 3551 operum
742 3449 861 3526 titrdus
885 3448 1146 3550 respergendus
1172 3475 1246 3524 nun
1278 3475 1365 3524 esse.
1430 3455 1506 3525 Nec
1529 3476 1635 3552 parra

327 3579 440 3651 Danis
460 3575 648 3650 admiratio
666 3576 743 3668 brit,
766 3572 863 3648 uude
876 3571 1032 3646 bostium
1047 3573 1260 3670 corporibus
1281 3571 1358 3648 talis
1372 3573 1501 3648 formae
1522 3573 1638 3664 decor,

329 3716 499 3798 tantaque
529 3698 777 3776 membrorum
806 3693 968 3794 aptitudo
1002 3709 1220 3792 suppeteret.
1286 3700 1333 3770 Ut
1356 3721 1444 3797 ergo
1477 3696 1639 3772 navalem

330 3829 550 3896 committere
571 3843 730 3919 puguant
745 3833 953 3918 coeperunt,
978 3815 1044 3889 Alf
1053 3818 1217 3916 juvenia³
1236 3818 1385 3893 Alvtldae
1408 3844 1559 3919 prora·
1581 3823 1640 3892 in·

330 3942 447 4016 sibeos
469 3950 504 4016 in
527 3949 680 4042 puppim
703 3967 830 4039 usque,
855 3940 948 4014 lacta
971 3942 1210 4016 resistentium
1239 3959 1367 4042 strage,
1399 3943 1642 4045 progreditur.

331 4067 445 4164 Cujus
463 4090 586 4140 cumea
601 4069 789 4157 Borcarus,
811 4063 964 4138 decussa
979 4063 1127 4139 Altildoe
1143 4063 1262 4164 galea,
1284 4071 1464 4165 mentique
1480 4069 1561 4166 ejus
1572 4064 1641 4137 lae-

379 4339 645 4404 'marmannorum
663 4335 795 4443 classem]
809 4335 958 4402 Dalilae·
1018 4334 1103 4400 (latit
1121 4357 1197 4422 pro:
1218 4339 1353 4421 subjectis
1373 4341 1492 4426 plautas
1509 4339 1643 4404 turma,

330 4444 449 4509 mannia
464 4441 609 4510 viduet.
624 4445 709 4510 aber.
887 4426 895 4447 ⁸
1017 4441 1103 4528 quod
1120 4455 1218 4508 exstat
1235 4443 1353 4508 incdit
1369 4465 1417 4529 pr.

1064 4551 1154 4634 ³AIs
1161 4549 1292 4634 Jiruem's]
1314 4553 1434 4614 Nomou
1454 4551 1518 4637 Ais
1527 4545 1644 4634 perspi·

377 4656 570 4736 'Sndjectum
590 4660 704 4746 phata}
731 4655 885 4740 iabrt'eum]
914 4662 959 4722 tu
1018 4658 1139 4722 unitatis
1172 4657 1271 4742 gratia
1305 4655 1423 4720 addidit
1452 4653 1644 4741 stephanius

333 4757 517 4845 Stapbauiua
537 4773 621 4826 recte
641 4763 724 4828 baud
747 4764 839 4829 dubie
859 4783 960 4830 emen·
1017 4765 1065 4829 De
1088 4763 1243 4828 amoribus
1275 4759 1337 4826 Alfi
1366 4775 1399 4828 et
1426 4762 1558 4828 Airilda
1584 4754 1644 4823 vitl-

1017 4883 1083 4936 not.
1105 4869 1189 4934 taber.
