3458 5454
608 345 615 368 ·
667 309 866 382 etelsus.
1294 309 1370 386 849

111 519 272 624 oppido,
309 521 595 622 conspectiorem
617 515 684 597 soli
704 515 888 618 planitiem
909 511 1037 616 praelio
1060 513 1180 597 hostes
1210 537 1422 621 excepturus

109 647 241 744 petivit
288 643 388 720 ldcrn
406 640 506 742 opud
525 641 657 731 locum,
681 643 744 740 qui
762 637 873 740 rugo
888 638 1146 732 Wslbrunnoi,
1164 643 1292 718 Latine
1304 643 1423 738 eudusse

109 767 311 846 terum-rel
324 769 452 866 rengis
466 781 595 862 putero
611 761 824 864 appelletur,
848 778 950 862 gesta
965 761 1154 857 infeliciter¹
1165 789 1300 866 pugna,
1326 793 1421 868 pro-

108 891 208 968 uitus
222 889 443 987 extinguitur.
486 890 588 960 Tune
601 888 712 978 Haec,
733 889 881 960 victoria
895 883 1187 958 incrudelitatem
1201 912 1313 980 verso,
1337 906 1426 964 tun-.

108 1029 145 1086 to
160 1009 514 1086 facinorosortunem
529 1009 702 1108 prosequi
719 1013 837 1106 coepit,
862 1021 903 1080 ut
926 1012 1144 1106 promiscue
1170 1007 1279 1084 eredis
1292 1009 1423 1092 avidus

107 1133 198 1208 nihil
212 1131 402 1208 conditioni
420 1147 483 1208 aut
498 1134 603 1206 sexui
614 1127 847 1204 deferendum
860 1145 1012 1228 putaret.
1045 1127 1117 1202 Sed
1136 1155 1254 1228 neque
1268 1135 1422 1208 miseru-

109 1257 214 1330 tionis
233 1270 296 1328 aut
315 1251 541 1328 verecundie
557 1256 734 1350 respectui
749 1249 905 1344 indulsit,
929 1277 1005 1350 quo
1019 1252 1136 1326 minua
1157 1251 1327 1326 loemineo
1342 1254 1422 1330 fcr-
1491 1240 1498 1247 ⁵
1524 1243 1526 1250 ’

108 1403 192 1450 rum
208 1399 337 1450 cruore
358 1390 584 1474 respergeret
606 1390 809 1472 matresque
839 1398 923 1446 cum
947 1371 1071 1448 liberis
1093 1378 1276 1452 communi
1297 1382 1424 1478 stragis

107 1504 245 1574 saevitia
262 1497 419 1573 violaret.

245 1621 307 1694 rtis
328 1619 455 1695 auditis
478 1615 655 1716 Syvuldns
677 1615 786 1714 Sigsri
810 1615 915 1708 filius,
940 1643 1054 1717 (Ῑιιιιω
1078 1623 1231 1716 paternit
1252 1617 1427 1709 haeenuu

111 1741 303 1842 penatibus
320 1741 524 1832 inhaesisset,
551 1739 674 1814 ultoris
689 1754 809 1837 partes
825 1756 1036 1814 executurus
1057 1745 1247 1818 exercitum
1272 1761 1425 1823 conum.

108 1863 171 1938 hit
235 1867 344 1963 igitur
358 1867 467 1954 lluoo,
490 1859 723 1936 multitudinis
750 1885 926 1936 concursu
947 1864 1180 1954 conten-ius,
1219 1892 1302 1938 cnm
1326 1869 1426 1944 uui·

107 1989 259 2088 agnuma
276 2003 376 2086 parte
399 1991 435 2060 in
462 1986 606 2085 Hoervig
623 1983 774 2058 clossem
791 2001 967 2082 repetens,
991 1987 1167 2061 maritimo
1183 1988 1251 2062 sibi
1264 1987 1428 2077 dueum

106 2109 297 2187 comoluit
357 2110 470 2208 Cujus
494 2106 631 2208 collega
652 2107 753 2179 Hono
777 2110 989 2205 cognomine
1012 2111 1243 2202 sermome,
1267 2111 1351 2210 plus
1371 2110 1427 2185 fi„

107 2229 227 2304 ducite
251 2232 286 2302 in
310 2234 441 2303 recenti
473 2231 618 2304 victorio
645 2253 754 2325 quam
768 2245 882 2302 metus
896 2230 932 2301 in
948 2232 1103 2306 liaconis
1124 2231 1286 2308 absentia
1307 2257 1425 2336 repo-

107 2353 271 2428 nendum
289 2354 500 2443 existimans,
523 2365 753 2450 mortemque
763 2349 858 2450 fuge
882 2349 1089 2448 preferens,
1113 2351 1296 2428 residuum
1320 2370 1423 2428 tutu-

107 2475 219 2550 bator
234 2479 435 2556 exercitum
493 2477 619 2572 ltaque
633 2471 788 2546 reductis
806 2471 990 2570 paulisper
1007 2475 1148 2568 castris,
1180 2473 1280 2576 apud
1301 2475 1425 2552 villam

107 2595 359 2674 Arelstadum³
387 2594 553 2680 novalem
580 2593 718 2670 diutule
735 2591 961 2694 prestolatus
979 2619 1180 2685 occursum,
1206 2599 1426 2674 venientium

107 2719 248 2796 tardius
262 2719 441 2792 securum
456 2720 640 2820 segnitiem
658 2716 883 2792 consultatur.
942 2714 1109 2792 Nondum
1134 2719 1227 2792 enim
1244 2717 1294 2792 od
1307 2719 1424 2796 desti-
1492 2768 1496 2779 .

106 2860 234 2918 netum
250 2857 394 2942 portum
411 2842 568 2916 immissa
587 2841 683 2914 omni
707 2837 827 2914 classis
851 2838 1048 2940 appulerat.
1107 2839 1209 2914 Adeo
1226 2856 1347 2916 eutem
1363 2845 1423 2922 Si-

106 2970 186 3066 gari
218 2962 335 3038 clades
365 2961 584 3062 Syvuldiquc
618 2967 742 3036 corius
765 2963 990 3062 promiscuos
1025 2955 1142 3060 plebis
1174 2965 1310 3040 emtum
1330 2965 1424 3038 inci·-
1472 3052 1475 3058 ‚
1512 2939 1528 3008 ‘⁵

107 3087 245 3178 tubam,
269 3103 309 3160 ut
330 3100 476 3184 umque
491 3107 531 3156 se
546 3083 646 3158 bello
659 3109 767 3160 serus
785 3083 1024 3180 impenderet,
1054 3111 1123 3159 nee
1141 3102 1318 3160 conamen
1339 3111 1424 3162 cre-

106 3211 217 3284 deres
237 3207 414 3310 foemineis
428 3211 586 3280 caruisse
601 3203 785 3305 presidiis.
835 3209 978 3280 Postero
992 3203 1075 3314 lucc
1095 3209 1194 3282 Haeo
1221 3206 1424 3308 Syraldus·
1454 3265 1459 3284 .

105 3356 184 3433 que
205 3331 398 3432 congressi,
422 3325 576 3404 biduum
595 3344 776 3403 extraxere
789 3351 923 3428 pugno.
979 3331 1020 3403 ln
1042 3355 1116 3430 quo
1133 3330 1244 3406 rebus
1270 3335 1423 3408 atrocis·

105 3627 166 3674 nec
186 3607 225 3672 de
246 3605 357 3694 palude
374 3601 429 3668 scd
446 3603 485 3669 do
506 3607 578 3692 palo
600 3603 651 3668 ltic
672 3606 735 3670 ocr-
796 3624 866 3670 nten
881 3606 941 3670 loci
955 3604 1068 3694 inipso
1087 3617 1189 3674 trocm
1206 3607 1305 3674 adhuc
1321 3629 1425 3676 msa·

105 3733 233 3780 monem
247 3733 311 3776 estc
334 3711 492 3775 existimet.
519 3711 580 3776 Sed
600 3709 679 3774 hauc
691 3711 738 3774 in·
795 3725 932 3777 tumeat.

104 3818 363 3906 terprctttionent
382 3815 474 3880 rerba
491 3817 585 3880 letina
608 3817 658 3880 rix
685 3816 739 3882 sd·
842 3821 953 3902 'Cujus
964 3823 1171 3905 collegoHeco
1187 3827 1355 3908 cognomine
1366 3827 1426 3888 Fu·
1501 3853 1520 3872 ²·

103 3926 247 3990 mittunt·
294 3921 458 4019 Quomodo
477 3923 558 3986 onim
578 3945 678 3988 remur
694 3923 739 3986 ri·
796 3922 927 4006 croesus]
951 3925 1097 3990 ltlrndloc
1119 3931 1228 3992 Hocott
1249 3929 1324 3992 hino
1349 3929 1427 4013 heg-

103 4030 184 4094 ridir
201 4027 239 4092 ab
256 4025 367 4091 urbere
389 4029 521 4092 succisus
543 4030 666 4092 ramulis
688 4029 737 4094 fo·
795 4029 896 4116 prodi.
942 4033 1063 4096 'I'ertiut
1079 4045 1125 4096 eat
1143 4037 1262 4112 Hauon,
1280 4035 1333 4120 qui
1346 4055 1426 4120 pre·
1544 4075 1550 4090 ·

105 4135 219 4219 liiaqne
240 4131 341 4197 adhue
354 4133 468 4198 liorem
483 4133 543 4222 dici
558 4147 661 4220 potest
682 4157 740 4220 po·
798 4148 846 4200 ter
862 4141 1019 4200 llaconem
1033 4136 1187 4202 Hamundi
1204 4135 1301 4202 lilium
1316 4152 1348 4202 ct
1363 4144 1426 4204 lla-

105 4243 158 4304 lua
173 4237 319 4302 stutioom
340 4238 547 4304 succisorum?
569 4243 674 4325 Neque
693 4241 739 4304 ul·
798 4261 906 4306 ccccm
928 4241 1133 4308 Sialeudicunt
1155 4241 1188 4304 iu
1217 4243 1275 4308 hcc
1296 4243 1425 4313 historia

105 4349 176 4412 lum
193 4357 331 4431 superest
350 4346 509 4432 vestigium
529 4345 616 4410 verbi
628 4347 737 4412 Dauiei
798 4361 901 4433 partes
914 4350 1050 4412 sustines

104 4452 274 4536 Helttang,
296 4449 378 4538 quod
393 4451 477 4536 juxta
497 4451 577 4514 hanc
590 4451 741 4536 interpre·
789 4465 792 4474 '
844 4457 959 4542 'Apud
974 4457 1074 4521 offlam
1101 4451 1308 4536 Melstudum]
1335 4456 1427 4520 Axel-

106 4558 261 4622 tationcm
281 4559 360 4620 Saxo
382 4558 555 4622 uosmet
576 4575 640 4622 esre
657 4575 740 4622 cont·
798 4557 1141 4624 atudlouoddubieidem
1150 4579 1262 4624 nomen
1274 4563 1427 4648 aquedl-

108 4682 212 4728 mune.
799 4665 878 4746 ated,
898 4662 981 4752 quod
995 4663 1094 4730 adhuc
1109 4679 1140 4732 et
1157 4667 1315 4754 toparchia
1328 4679 1360 4732 ct
1370 4691 1426 4754 pa·

160 4776 168 4806 ¹
184 4767 388 4852 Wolbrnuua]
413 4771 468 4838 Val
490 4769 522 4854 in
546 4768 648 4854 lingva
673 4785 742 4832 ver·
799 4791 856 4856 gua
876 4772 909 4834 in
933 4771 1040 4838 eodem
1057 4770 1218 4841 sialandia
1238 4784 1339 4864 tracto
1355 4795 1426 4857 pcr-

109 4875 223 4940 nucolc
238 4888 285 4938 est
297 4875 535 4964 summersos
547 4887 665 4964 puteos.
679 4879 740 4940 No-
801 4889 883 4944 rant.
