3476 5460
711 297 814 370 oto.
889 284 892 292 ’
1293 295 1366 372 303

103 501 316 604 erpnimtit
329 501 380 578 alr
400 501 608 582 insidiarum
624 505 829 606 suspicione
861 503 1111 580 alicoissimum
1128 499 1344 609 sedebam
1373 512 1418 580 At

102 623 344 702 illedewicto
357 651 532 704 macrone
549 627 757 728 prosilisus¹
786 627 1047 704 ranavmbemt
1062 647 1194 727 regem,
1209 628 1419 726 ostentisque

105 771 296 850 assurgere
311 748 481 849 jugulum
497 748 587 824 ierit.
643 752 847 826 Certumst
865 752 986 850 viginti
1009 749 1086 822 anri
1101 746 1203 822 libre
1218 753 1253 820 io
1267 755 1419 848 praemio

105 871 385 969 reponebantur.
433 868 667 947 Postmodum
678 875 887 970 poenitentia
902 897 945 946 ac
958 868 1101 970 putlore
1118 867 1307 968 percolens
1331 887 1417 946 tan-

106 1007 144 1066 ta
158 995 271 1066 animi
281 993 474 1070 acerbitate
491 975 722 1069 commissum
735 994 873 1070 lacinus
887 993 986 1083 luxit,
1000 1009 1052 1082 ut,
1064 992 1096 1065 si
1110 992 1322 1067 mentionem
1339 995 1419 1093 ejus

106 1113 262 1190 incidero
273 1117 484 1216 configuret,
499 1140 521 1188 a
536 1114 705 1214 lacrymis
725 1093 923 1216 temperire
941 1139 1014 1188 non
1030 1129 1162 1212 posset
1214 1111 1316 1188 Adeo
1333 1115 1419 1190 cul-

106 1261 167 1336 pae
181 1240 400 1314 atrocimem
414 1239 626 1337 resipiscens
637 1239 778 1314 animus
793 1236 1037 1314 erubescebat.
1056 1296 1060 1310 .
1094 1239 1267 1312 Praetereo
1281 1236 1420 1336 aliquot

106 1385 152 1434 cx
174 1359 248 1454 his,
267 1381 427 1460 qnorum
449 1359 614 1434 instinctu
642 1385 729 1436 usus
759 1361 891 1453 luerat,
912 1362 949 1434 in
972 1358 1114 1434 sceleris
1136 1383 1157 1430 a
1179 1381 1220 1434 se
1242 1363 1418 1434 commissi

106 1481 300 1558 nmmum
314 1479 456 1574 condit,
471 1497 516 1576 et,
530 1483 587 1556 coi
601 1481 695 1559 sacto
713 1507 859 1558 manum
874 1481 1055 1574 tribuerat,
1069 1479 1225 1582 praebuit
1235 1480 1419 1558 ultionem.

243 1603 422 1678 Cadmum
445 1603 652 1678 Omuotlum
674 1609 788 1697 Doni,
808 1605 923 1680 Olone
946 1621 1077 1696 ortum,
1097 1628 1265 1678 creavere
1283 1629 1419 1706 regem,

106 1723 194 1824 plus
208 1729 363 1824 porentia
399 1729 480 1827 ejus
504 1725 678 1804 nobilitati
699 1754 810 1827 quam
833 1731 965 1804 meritis
995 1725 1227 1802 deserendum
1248 1744 1420 1826 polanus.

108 1849 178 1922 llic
193 1863 388 1947 postquam
404 1851 584 1944 maturuit,
610 1856 644 1924 in
659 1847 760 1929 nullo
776 1854 932 1949 paternis
950 1850 1124 1948 operibns
1142 1847 1313 1926 defectior
1329 1853 1420 1926 erti-

107 1972 158 2044 tit.
211 1969 392 2068 Siquidem
407 1997 464 2048 res
481 1972 529 2047 ab
549 1971 664 2048 Olone
686 1990 805 2073 gestas
838 1987 900 2048 aut
919 1995 1066 2071 tequme
1087 1987 1150 2046 aut
1172 1972 1420 2063 conscendere

108 2117 205 2168 curte
219 2091 357 2166 habuis
409 2099 615 2172 Prreemteo
635 2111 797 2196 tempore
816 2095 1006 2194 aliquante
1024 2099 1312 2170 Normannorum
1326 2102 1420 2195 genti

107 2219 248 2317 Ringo,
271 2216 375 2315 oojns
396 2215 507 2290 liliam
523 2221 631 2292 Bam
655 2215 824 2294 Omnndo
847 2219 1107 2292 matrimonium
1128 2218 1420 2315 circumspicienti

108 2339 256 2438 insignis
272 2337 583 2414 commendaverat
604 2339 712 2414 samo.
774 2340 903 2414 Verum
920 2337 1114 2438 poscendae
1129 2340 1208 2436 ejus
1225 2361 1330 2438 spem
1342 2341 1420 2414 sin-

109 2459 238 2561 gnlare
258 2461 429 2560 liingonis
451 2459 610 2536 studium
630 2461 826 2536 minuebat.
892 2463 926 2534 Is
947 2464 1084 2558 quippe
1105 2459 1224 2534 solum
1253 2477 1421 2562 spectate
1526 2541 1527 2546 ,

108 2581 326 2660 sot-titudinis
348 2607 521 2684 generum
539 2581 745 2674 affectabat,
766 2599 901 2658 tontum
923 2581 1047 2682 gloriae
1063 2587 1099 2656 in
1116 2583 1220 2656 armis
1234 2607 1421 2682 reponens,

108 2722 289 2806 quautam
303 2707 420 2780 caeteri
438 2711 473 2778 in
489 2707 623 2804 opibus
638 2709 744 2780 situm
761 2719 953 2780 antumant.
1024 2707 1135 2804 Igitur
1155 2703 1363 2797 Omundus,
1383 2723 1422 2781 nt
1508 2753 1518 2771 x

109 2855 156 2906 eo
173 2827 387 2905 cloritmlims
402 2850 534 2928 genere
556 2827 700 2904 illustris
715 2828 883 2904 evaderet
908 2823 1126 2924 laudemque
1151 2825 1221 2900 sibi
1237 2827 1421 2902 fortitudi-

108 2955 167 3028 nia
185 2949 399 3042 conciliaret,
414 2949 549 3030 viribus
568 2967 693 3026 votum
717 2956 907 3049 impetrare
922 2965 1088 3042 conatus,
1113 2947 1225 3022 clame
1240 2945 1421 3050 Norvagi-
1480 2965 1484 2974 '
1547 2981 1549 2988 ’

109 3101 172 3148 am
187 3070 515 3173 accedit,llingonis
528 3097 677 3174 regnum
689 3072 1072 3146 haereditatisnomine²
1089 3087 1293 3148 tentaturus.
1310 3075 1422 3148 Exci·-

109 3201 167 3296 pit
185 3199 298 3270 amice
308 3193 409 3268 illum
425 3194 570 3270 lothrim
584 3194 734 3295 regulus
749 3195 867 3287 oddo,
890 3198 953 3292 qui
970 3199 1171 3294 Ringonem
1188 3197 1423 3274 certissimum

109 3319 314 3419 patrimonii
330 3318 409 3417 ejus
425 3321 626 3394 invasorem
641 3333 826 3409 assereret,
850 3342 964 3417 seque
986 3323 1117 3415 saepius
1135 3319 1184 3392 ab
1207 3317 1334 3392 eodem
1359 3322 1423 3392 in-

109 3441 216 3541 juriis
231 3439 434 3516 lacessitum
453 3439 608 3514 defleret.
659 3445 794 3539 ltaque,
815 3443 979 3540 Ringooe
1000 3441 1137 3514 interim
1161 3439 1261 3538 apud
1275 3441 1423 3539 Hyber-

110 3566 211 3638 niam
227 3563 410 3661 piraticam
426 3579 619 3653 exercente,
627 3563 843 3660 provinciam
859 3578 1127 3661 propugnatore
1143 3587 1293 3639 vacuam
1308 3563 1424 3638 ador-

110 3703 193 3776 tos,
216 3684 405 3784 preteritis
429 3684 660 3784 popularium
678 3685 806 3778 rebus,
835 3683 1026 3784 peculiaria
1047 3689 1220 3786 Ringonis
1240 3684 1337 3760 hona
1359 3711 1424 3760 ra-

110 3813 208 3908 pinae
235 3804 390 3881 tradidit.
403 3809 555 3905 ejusque
573 3810 793 3884 necessarios
807 3807 985 3880 interfecit
1036 3812 1126 3895 Nam
1143 3808 1250 3882 Oddo
1275 3831 1424 3906 qnoque

112 3927 284 4004 Omnndo
301 3953 447 4004 manum
468 3933 668 4029 junxerat³.
737 3935 831 4006 luter
856 3935 975 4004 omnia
1001 3947 1120 4005 autem
1140 3929 1316 4020 larinum,
1341 3955 1423 4028 quae

110 4055 213 4128 varie
228 4077 270 4126 ac
290 4050 525 4151 multipliciter
538 4071 709 4152 gesserat,
731 4080 932 4154 nunquam,
948 4054 1082 4153 quibus
1105 4050 1328 4126 multitudine
1353 4078 1424 4125 co-

161 4337 357 4421 ¹Prortlirns]
379 4337 484 4406 Editio
504 4341 663 4428 stephanii
684 4343 738 4406 mi·
843 4343 1075 4424 ⁸0ddoquoqce
1089 4337 1223 4402 Omcndo
1235 4343 1425 4422 monumjcn·

110 4469 171 4513 nus
184 4446 374 4512 rectelrabot
388 4450 529 4511 desumo.
797 4445 896 4524 aaut]
917 4449 1061 4516 Manum„
1090 4441 1207 4521 idest,
1234 4445 1336 4528 copias
1357 4467 1425 4510 suas
1537 4516 1541 4530 ¹

160 4555 384 4618 'Hereditatis
402 4551 530 4634 nominc]
553 4557 631 4617 Erat
656 4553 736 4617 enirn
789 4571 865 4615 'cum
891 4549 1024 4612 exercitu
1048 4547 1182 4614 Omontli
1217 4546 1426 4640 conjunxerat,
1465 4536 1478 4555 ”

111 4657 275 4726 Omundnr
288 4659 373 4744 juxta
397 4671 524 4740 system
541 4660 667 4724 &roro
691 4659 738 4724 Si·
796 4670 830 4720 ut
843 4654 935 4718 unitis
953 4640 1072 4720 riribm
1080 4657 1251 4742 liingooem
1270 4657 1426 4724 adoriren-

111 4764 203 4832 rartli
217 4763 380 4851 liorregio
394 4765 475 4850 rogis
496 4783 532 4828 ex
554 4765 618 4830 lilio
638 4767 739 4832 Olono
790 4775 857 4827 tur.
878 4760 930 4842 (S)

113 4893 224 4957 nepos.
244 4869 298 4952 (S)
