3476 5460
307 289 311 298 '
405 309 480 382 eso
747 309 923 380 nrsrou.
940 311 1045 382 nau.
1061 311 1198 383 nunu
1216 311 1275 384 tx.

485 521 650 617 Cumque
666 519 872 616 Regnorus,
887 521 1042 594 onemtis
1073 517 1209 594 tributo
1230 517 1445 608 Senonibus,
1470 519 1512 594 dc
1529 539 1616 598 mone

354 637 501 718 llerothi
516 681 518 688 v
535 657 673 715 eertum
706 664 728 712 e
757 641 875 713 soem
899 646 1070 714 nuncium
1099 645 1313 740 accepisset,
1344 638 1532 740 liberosque
1554 667 1616 718 suos
1693 620 1694 623 Ἴ

246 747 248 754 ’
355 766 480 855 sorte,
512 759 649 838 suffecti
678 763 783 861 regis,
811 761 989 835 calumnia
1014 765 1115 837 avitis
1145 763 1251 836 bonis
1267 777 1392 836 erutos
1420 783 1617 863 cognoceret,
1693 758 1694 823 l

354 889 492 979 Bitirni,
519 883 675 960 Fridlevi
710 901 819 984 atque
846 883 1060 958 Rathbarthi
1082 881 1272 985 collegium
1306 903 1524 983 apprecanrs,
1547 889 1616 982 (unu
1692 941 1693 944 ,

354 1007 573 1112 llegnaldns,
598 1009 792 1082 Witsercus
816 1009 1003 1098 etErious,
1027 1029 1123 1106 qnos
1147 1031 1191 1080 ex
1226 1005 1430 1105 Suanlogha
1450 1031 1619 1106 progenue·

355 1150 428 1224 rat,
452 1129 614 1206 nondum
635 1123 794 1205 habilem
817 1129 923 1202 armis
945 1145 1083 1204 aetatem
1110 1128 1370 1227 impleverant)
1386 1131 1523 1202 Suetium
1542 1132 1618 1228 petit

356 1259 422 1330 Cui
438 1275 628 1329 occurrens
645 1273 730 1326 cum
746 1255 898 1326 exercitu
922 1251 1054 1345 Scelus,
1071 1250 1217 1350 publice
1231 1275 1277 1324 au
1294 1255 1456 1348 privatim
1470 1249 1618 1324 dimicandi

357 1383 503 1478 optione
517 1375 621 1467 lactu,
642 1373 859 1476 singularem
873 1373 1043 1474 deligenti
1056 1373 1261 1448 conflictum
1279 1367 1543 1463 Scarchdhum2,
1556 1397 1620 1470 spe-

356 1515 460 1574 ctatu
476 1497 637 1572 audacie
652 1496 826 1597 pugilem,
851 1518 934 1570 cum
955 1513 1104 1596 septena
1117 1495 1273 1571 liliorum
1290 1519 1400 1570 manu
1418 1521 1458 1569 ex
1478 1517 1620 1594 proruen-

357 1627 453 1698 tione
475 1637 721 1721 pugnaturum
742 1617 909 1694 admovit.
977 1621 1070 1694 Cum
1092 1619 1227 1717 quibus
1242 1621 1440 1718 Regoerus,
1454 1617 1554 1690 tribus
1563 1613 1620 1688 ilis

355 1748 392 1818 in
417 1741 616 1818 conaminis
637 1744 838 1817 sodomum
860 1745 1060 1842 assumptis,
1088 1757 1246 1841 utroque
1269 1742 1425 1814 exercitu
1449 1741 1621 1837 inspectante

358 1887 583 1967 congressus,
607 1884 725 1964 egone
739 1869 855 1938 victor
876 1868 1037 1942 excessit.
1097 1867 1248 1940 Bidrnns
1269 1884 1377 1955 vero,
1410 1861 1506 1963 quod
1522 1867 1622 1958 integer

356 1989 451 2064 lroeti
464 1986 605 2061 cladem
619 1987 829 2088 ingesserat,
857 2003 1028 2087 tanquam
1043 2007 1064 2061 a
1079 1988 1181 2062 ferrei
1206 1987 1326 2060 lateris
1342 1986 1500 2060 firmitate
1516 1982 1619 2080 senp-

359 2128 499 2185 ternum
515 2111 697 2206 usurparit
712 2133 901 2209 agnomen.
957 2114 1039 2204 Qua
1062 2114 1208 2187 umoris
1228 2113 1414 2210 Regnerus
1430 2113 1534 2182 omnis
1551 2109 1623 2203 peti·

359 2233 429 2308 culi
445 2230 640 2332 superandi
655 2229 824 2304 fiduciam
839 2247 977 2326 nactus,
1001 2233 1144 2308 Stirlum
1172 2257 1258 2308 cum
1273 2234 1460 2324 universis,
1481 2251 1559 2329 quas
1569 2223 1621 2298 du·

358 2371 528 2447 ctaverat,
553 2354 666 2451 copiis
684 2354 883 2452 impetitum
901 2353 1040 2429 occidit.
1101 2359 1279 2454 Cumque,
1294 2357 1428 2428 Bittrno
1450 2352 1497 2428 ob
1510 2353 1620 2446 conspi-

359 2503 436 2552 cuae
464 2473 677 2552 lentitudinis
703 2477 870 2572 meritum
892 2478 1031 2554 Stetica
1062 2477 1269 2578 praelatione
1296 2475 1448 2569 donato,
1485 2473 1622 2572 aliquanto

359 2599 540 2676 bellorum
557 2597 740 2672 interstitio
756 2603 960 2698 quievisset,
985 2598 1177 2698 cujusdam
1193 2599 1284 2676 forte
1302 2596 1518 2676 muliercule
1530 2615 1624 2668 aaut·

359 2729 428 2798 tior
444 2725 569 2814 luctare,
595 2745 672 2820 quo
691 2725 950 2820 promptiorem
965 2719 1036 2796 sibi
1059 2721 1239 2820 potiendae
1259 2723 1338 2821 ejus
1353 2722 1485 2796 adinum
1503 2729 1623 2801 meret,

358 2863 496 2946 patrem
510 2847 622 2944 ipsius
638 2844 859 2946 amplissimo
875 2841 1116 2918 beneficentiae
1130 2842 1230 2920 cultu
1245 2843 1497 2921 officiosissime
1508 2855 1624 2940 capun-

359 2966 449 3041 dnm
464 2971 609 3044 curarit.
661 2972 765 3070 Saepe
780 2967 873 3040 enirn
892 2989 1044 3040 numero
1058 2969 1267 3042 accersitum
1284 2965 1333 3042 ad
1354 2965 1482 3070 epulas
1501 2963 1624 3065 plurime

360 3088 533 3164 comitatis
548 3091 671 3166 officiis
692 3087 990 3194 prosequebatur.
1059 3091 1150 3164 Nam
1175 3105 1211 3164 et
1237 3095 1438 3167 venientem
1461 3077 1625 3186 assurgendi

360 3217 557 3286 reverentia
592 3210 948 3314 discumbentemque
986 3217 1152 3312 proximo
1182 3211 1251 3288 sibi
1278 3238 1451 3292 consessu
1478 3222 1625 3288 veneratus

359 3350 449 3410 est‘
482 3335 587 3434 Saepe
609 3341 717 3410 ettam
741 3334 864 3428 donis,
888 3334 1073 3438 interdum
1093 3336 1347 3436 benignissimo
1377 3338 1541 3411 recrearit
1555 3325 1626 3402 allo·

360 3457 459 3556 quio.
518 3458 588 3552 Qui
602 3483 717 3558 quum
736 3475 841 3534 tante
857 3458 1103 3534 honorationis
1120 3481 1265 3536 censam
1287 3486 1309 3533 a
1331 3459 1436 3535 nullo
1458 3483 1522 3534 suo
1534 3449 1626 3525 mttl⁰

359 3577 559 3677 profectam
580 3579 894 3674 animadverteret,
930 3581 1140 3681 cogitatione
1165 3587 1272 3660 rarle
1287 3581 1447 3675 deflere,
1477 3603 1516 3652 ex
1536 3591 1628 3649 umore

360 3699 443 3774 filiae
460 3726 534 3776 suae
553 3709 694 3778 tacitam
714 3707 884 3804 principis
909 3703 1155 3779 liberalitatem
1173 3700 1400 3782 descendisse
1420 3699 1576 3804 cognorit,
1593 3691 1626 3764 li-

359 3821 567 3900 bidinosum
583 3829 806 3926 propositum
820 3825 1044 3904 humanitatis
1061 3830 1203 3903 nomine
1221 3827 1422 3904 colorantis.
1486 3829 1590 3919 Quam,
1600 3827 1628 3886 tti

360 3948 622 4026 exactissimum
637 3951 788 4023 amantis
810 3952 990 4053 ingenium
1007 3949 1244 4042 frustraretur,
1269 3968 1365 4027 tauto
1381 3948 1562 4052 impensius
1575 3935 1628 4012 ob-

406 4223 525 4309 ¹Sdrlt']
551 4223 670 4292 Nomen
689 4230 782 4292 sortia·
797 4226 909 4312 sapius
932 4247 983 4290 oc·
1087 4225 1313 4308 ²Searetdtum]
1327 4231 1446 4290 Nomen
1463 4215 1628 4287 omnivoli?

359 4333 456 4396 currit
474 4331 660 4396 indictonis
685 4331 873 4396 blandorum
897 4331 985 4395 fabo·
1041 4331 1146 4394 bnrttm
1161 4343 1193 4394 et
1209 4351 1313 4396 errore
1327 4331 1443 4395 librarii
1460 4341 1535 4394 ceris
1553 4339 1629 4385 torti·

360 4439 441 4502 tuis.
490 4438 557 4502 lle!
579 4437 702 4522 qm'dent
721 4439 837 4502 Sreeite
861 4440 985 4502 nomine
1043 4450 1141 4522 ptum.
1155 4441 1413 4524 Skarditauqusm
1426 4449 1578 4521 cognomen
1587 4421 1628 4484 tt'tl

361 4545 439 4604 Seue
454 4551 707 4608 eommovear
721 4543 752 4606 in
762 4542 985 4608 Sltaldatalsive
1045 4545 1171 4626 alicujus
1184 4543 1338 4608 interdum
1355 4545 1387 4608 iu
1407 4536 1591 4607 monumentis
1600 4533 1630 4591 lt·

362 4649 459 4710 reteri
483 4663 643 4734 poetarum
672 4651 812 4733 catalogo
851 4647 983 4732 (Heimu
1044 4648 1205 4713 leodorum
1219 4652 1363 4714 occurrit.
1400 4633 1629 4731 situnensis

362 4751 480 4836 ltringla
501 4754 550 4819 ed.
574 4754 795 4840 Periugsltiold.
821 4758 882 4822 rol.
904 4759 932 4820 ll
954 4777 984 4840 p.
1044 4757 1097 4818 lset
1111 4747 1255 4822 Sturium.
1290 4747 1629 4841 sceptunutnetitiut

361 4851 447 4933 tta).
1043 4883 1094 4927 sna
1109 4862 1291 4950 comigendo
1306 4863 1408 4949 posuit
1420 4859 1573 4926 sturm
