<?xml version="1.0" encoding="UTF-8"?>
<!DOCTYPE html PUBLIC "-//W3C//DTD XHTML 1.0 Transitional//EN"
    "http://www.w3.org/TR/xhtml1/DTD/xhtml1-transitional.dtd">
<html xmlns="http://www.w3.org/1999/xhtml" xml:lang="en" lang="en">
 <head>
  <title>
</title>
<meta http-equiv="Content-Type" content="text/html;charset=utf-8" />
  <meta name='ocr-system' content='tesseract 3.04.00' />
  <meta name='ocr-capabilities' content='ocr_page ocr_carea ocr_par ocr_line ocrx_word'/>
</head>
<body>
  <div class='ocr_page' id='page_1' title='image "./historiadanica00velsgoog_0303.png"; bbox 0 0 3442 5456; ppageno 0'>
   <div class='ocr_carea' id='block_1_1' title="bbox 365 335 1284 414">
    <p class='ocr_par' dir='ltr' id='par_1_1' title="bbox 365 335 1284 414">
     <span class='ocr_line' id='line_1_1' title="bbox 365 335 1284 414; baseline -0.008 -2"><span class='ocrx_word' id='word_1_1' title='bbox 365 337 439 414; x_wconf 81' lang='lat'>282</span> <span class='ocrx_word' id='word_1_2' title='bbox 697 335 873 406; x_wconf 80' lang='lat' dir='ltr'><strong>HISTOR.</strong></span> <span class='ocrx_word' id='word_1_3' title='bbox 896 336 1001 406; x_wconf 73' lang='lat' dir='ltr'>unt.</span> <span class='ocrx_word' id='word_1_4' title='bbox 1025 337 1161 408; x_wconf 85' lang='lat' dir='ltr'>LIBER</span> <span class='ocrx_word' id='word_1_5' title='bbox 1182 337 1236 407; x_wconf 88' lang='lat' dir='ltr'>vt.</span> <span class='ocrx_word' id='word_1_6' title='bbox 1282 373 1284 382; x_wconf 44' lang='lat' dir='ltr'>v</span> 
     </span>
    </p>
   </div>
   <div class='ocr_carea' id='block_1_2' title="bbox 277 542 1619 2112">
    <p class='ocr_par' dir='ltr' id='par_1_2' title="bbox 277 542 1619 2112">
     <span class='ocr_line' id='line_1_2' title="bbox 314 542 1616 648; baseline -0.002 -29"><span class='ocrx_word' id='word_1_7' title='bbox 314 544 477 648; x_wconf 75' lang='lat' dir='ltr'>gilemnd</span> <span class='ocrx_word' id='word_1_8' title='bbox 494 547 660 643; x_wconf 81' lang='lat' dir='ltr'>campum</span> <span class='ocrx_word' id='word_1_9' title='bbox 682 543 862 618; x_wconf 82' lang='lat' dir='ltr'>conflictui</span> <span class='ocrx_word' id='word_1_10' title='bbox 879 543 1091 642; x_wconf 71' lang='lat' dir='ltr'>deprtta&#39;tm</span> <span class='ocrx_word' id='word_1_11' title='bbox 1115 542 1274 620; x_wconf 84' lang='lat' dir='ltr'>militaris</span> <span class='ocrx_word' id='word_1_12' title='bbox 1296 567 1440 642; x_wconf 75' lang='lat' dir='ltr'>pompa²</span> <span class='ocrx_word' id='word_1_13' title='bbox 1463 542 1616 640; x_wconf 86' lang='lat' dir='ltr'>tripudio</span> 
     </span>
     <span class='ocr_line' id='line_1_3' title="bbox 314 666 1615 770; baseline -0.001 -30"><span class='ocrx_word' id='word_1_14' title='bbox 314 683 595 770; x_wconf 86' lang='lat' dir='ltr'>prosequuntur.</span> <span class='ocrx_word' id='word_1_15' title='bbox 646 671 737 740; x_wconf 87' lang='lat' dir='ltr'>Hinc</span> <span class='ocrx_word' id='word_1_16' title='bbox 754 666 1129 756; x_wconf 84' lang='lat' dir='ltr'>DaniStnrcsthernm‚</span> <span class='ocrx_word' id='word_1_17' title='bbox 1143 667 1238 766; x_wconf 73' lang='lat' dir='ltr'>regis</span> <span class='ocrx_word' id='word_1_18' title='bbox 1252 672 1307 740; x_wconf 90' lang='lat' dir='ltr'>sui</span> <span class='ocrx_word' id='word_1_19' title='bbox 1323 682 1442 764; x_wconf 80' lang='lat' dir='ltr'>partes</span> <span class='ocrx_word' id='word_1_20' title='bbox 1456 691 1615 763; x_wconf 79' lang='lat' dir='ltr'>exequu-</span> 
     </span>
     <span class='ocr_line' id='line_1_4' title="bbox 315 787 1616 888; baseline -0.006 -22"><span class='ocrx_word' id='word_1_21' title='bbox 315 811 448 882; x_wconf 90' lang='lat' dir='ltr'>turum,</span> <span class='ocrx_word' id='word_1_22' title='bbox 472 789 518 863; x_wconf 88' lang='lat' dir='ltr'>ad</span> <span class='ocrx_word' id='word_1_23' title='bbox 542 792 741 864; x_wconf 84' lang='lat' dir='ltr'>certaminis</span> <span class='ocrx_word' id='word_1_24' title='bbox 754 787 876 863; x_wconf 89' lang='lat' dir='ltr'>locum</span> <span class='ocrx_word' id='word_1_25' title='bbox 898 788 1032 862; x_wconf 76' lang='lat' dir='ltr'>militiae</span> <span class='ocrx_word' id='word_1_26' title='bbox 1055 789 1252 888; x_wconf 75' lang='lat' dir='ltr'>insignibus</span> <span class='ocrx_word' id='word_1_27' title='bbox 1273 793 1386 862; x_wconf 87' lang='lat' dir='ltr'>ornati</span> <span class='ocrx_word' id='word_1_28' title='bbox 1410 787 1616 886; x_wconf 75' lang='lat' dir='ltr'>perducunt.</span> 
     </span>
     <span class='ocr_line' id='line_1_5' title="bbox 315 909 1617 1010; baseline -0.008 -20"><span class='ocrx_word' id='word_1_29' title='bbox 315 920 431 1010; x_wconf 87' lang='lat' dir='ltr'>Quem</span> <span class='ocrx_word' id='word_1_30' title='bbox 449 917 573 1004; x_wconf 86' lang='lat' dir='ltr'>Hama,</span> <span class='ocrx_word' id='word_1_31' title='bbox 592 927 695 986; x_wconf 81' lang='lat' dir='ltr'>aetate</span> <span class='ocrx_word' id='word_1_32' title='bbox 709 910 918 1000; x_wconf 86' lang='lat' dir='ltr'>marcidum,</span> <span class='ocrx_word' id='word_1_33' title='bbox 936 913 1094 1009; x_wconf 80' lang='lat' dir='ltr'>juventae</span> <span class='ocrx_word' id='word_1_34' title='bbox 1110 911 1241 986; x_wconf 88' lang='lat' dir='ltr'>fiducia</span> <span class='ocrx_word' id='word_1_35' title='bbox 1257 911 1474 1010; x_wconf 72' lang='lat' dir='ltr'>despicatus,</span> <span class='ocrx_word' id='word_1_36' title='bbox 1489 909 1617 982; x_wconf 81' lang='lat' dir='ltr'>deinu-</span> 
     </span>
     <span class='ocr_line' id='line_1_6' title="bbox 315 1033 1617 1134; baseline -0.008 -22"><span class='ocrx_word' id='word_1_37' title='bbox 315 1055 412 1112; x_wconf 85' lang='lat' dir='ltr'>otnm</span> <span class='ocrx_word' id='word_1_38' title='bbox 426 1035 563 1110; x_wconf 88' lang='lat' dir='ltr'>viribus</span> <span class='ocrx_word' id='word_1_39' title='bbox 577 1059 698 1108; x_wconf 89' lang='lat' dir='ltr'>senem</span> <span class='ocrx_word' id='word_1_40' title='bbox 713 1033 809 1107; x_wconf 88' lang='lat' dir='ltr'>lucta</span> <span class='ocrx_word' id='word_1_41' title='bbox 823 1059 936 1133; x_wconf 86' lang='lat' dir='ltr'>quam</span> <span class='ocrx_word' id='word_1_42' title='bbox 954 1037 1061 1110; x_wconf 86' lang='lat' dir='ltr'>arrnis</span> <span class='ocrx_word' id='word_1_43' title='bbox 1079 1037 1241 1134; x_wconf 79' lang='lat' dir='ltr'>excipere</span> <span class='ocrx_word' id='word_1_44' title='bbox 1258 1038 1479 1132; x_wconf 76' lang='lat' dir='ltr'>praeoptarit</span> <span class='ocrx_word' id='word_1_45' title='bbox 1518 1035 1617 1103; x_wconf 88' lang='lat' dir='ltr'>Eun-</span> 
     </span>
     <span class='ocr_line' id='line_1_7' title="bbox 315 1155 1617 1257; baseline -0.005 -26"><span class='ocrx_word' id='word_1_46' title='bbox 315 1159 398 1231; x_wconf 91' lang='lat' dir='ltr'>dem</span> <span class='ocrx_word' id='word_1_47' title='bbox 413 1157 560 1230; x_wconf 79' lang='lat' dir='ltr'>adortus</span> <span class='ocrx_word' id='word_1_48' title='bbox 576 1173 678 1230; x_wconf 86' lang='lat' dir='ltr'>terrae</span> <span class='ocrx_word' id='word_1_49' title='bbox 703 1155 954 1232; x_wconf 87' lang='lat' dir='ltr'>nutabundum</span> <span class='ocrx_word' id='word_1_50' title='bbox 974 1157 1161 1257; x_wconf 83' lang='lat' dir='ltr'>adegerat,</span> <span class='ocrx_word' id='word_1_51' title='bbox 1192 1162 1227 1228; x_wconf 95' lang='lat' dir='ltr'>ui</span> <span class='ocrx_word' id='word_1_52' title='bbox 1252 1159 1406 1248; x_wconf 81' lang='lat' dir='ltr'>lortuna,</span> <span class='ocrx_word' id='word_1_53' title='bbox 1431 1181 1518 1256; x_wconf 80' lang='lat' dir='ltr'>quoe</span> <span class='ocrx_word' id='word_1_54' title='bbox 1535 1161 1617 1228; x_wconf 90' lang='lat' dir='ltr'>vinei</span> 
     </span>
     <span class='ocr_line' id='line_1_8' title="bbox 315 1275 1619 1378; baseline -0.005 -24"><span class='ocrx_word' id='word_1_55' title='bbox 315 1280 476 1354; x_wconf 88' lang='lat' dir='ltr'>vetulum</span> <span class='ocrx_word' id='word_1_56' title='bbox 503 1303 576 1350; x_wconf 91' lang='lat' dir='ltr'>non</span> <span class='ocrx_word' id='word_1_57' title='bbox 605 1279 763 1372; x_wconf 86' lang='lat' dir='ltr'>sinebat,</span> <span class='ocrx_word' id='word_1_58' title='bbox 785 1281 925 1378; x_wconf 85' lang='lat' dir='ltr'>injuriae</span> <span class='ocrx_word' id='word_1_59' title='bbox 948 1285 1137 1354; x_wconf 89' lang='lat' dir='ltr'>restitisset</span> <span class='ocrx_word' id='word_1_60' title='bbox 1212 1283 1262 1353; x_wconf 91' lang='lat' dir='ltr'>lta</span> <span class='ocrx_word' id='word_1_61' title='bbox 1290 1281 1385 1352; x_wconf 88' lang='lat' dir='ltr'>enim</span> <span class='ocrx_word' id='word_1_62' title='bbox 1410 1275 1619 1374; x_wconf 86' lang='lat' dir='ltr'>impellentis</span> 
     </span>
     <span class='ocr_line' id='line_1_9' title="bbox 314 1401 1617 1502; baseline -0.007 -24"><span class='ocrx_word' id='word_1_63' title='bbox 314 1406 438 1478; x_wconf 74' lang='lat' dir='ltr'>Hennae</span> <span class='ocrx_word' id='word_1_64' title='bbox 451 1427 576 1500; x_wconf 82' lang='lat' dir='ltr'>pugno</span> <span class='ocrx_word' id='word_1_65' title='bbox 592 1401 746 1476; x_wconf 88' lang='lat' dir='ltr'>obrutus</span> <span class='ocrx_word' id='word_1_66' title='bbox 762 1417 990 1496; x_wconf 84' lang='lat' dir='ltr'>memoratur,</span> <span class='ocrx_word' id='word_1_67' title='bbox 1005 1418 1045 1478; x_wconf 91' lang='lat' dir='ltr'>ut</span> <span class='ocrx_word' id='word_1_68' title='bbox 1059 1403 1211 1502; x_wconf 75' lang='lat' dir='ltr'>genibus</span> <span class='ocrx_word' id='word_1_69' title='bbox 1226 1405 1331 1478; x_wconf 85' lang='lat' dir='ltr'>nixus</span> <span class='ocrx_word' id='word_1_70' title='bbox 1350 1403 1503 1476; x_wconf 86' lang='lat' dir='ltr'>humum</span> <span class='ocrx_word' id='word_1_71' title='bbox 1517 1423 1617 1470; x_wconf 88' lang='lat' dir='ltr'>men-</span> 
     </span>
     <span class='ocr_line' id='line_1_10' title="bbox 277 1525 1618 1627; baseline -0.001 -33"><span class='ocrx_word' id='word_1_72' title='bbox 277 1577 281 1594; x_wconf 89' lang='lat'>.</span> <span class='ocrx_word' id='word_1_73' title='bbox 314 1546 352 1601; x_wconf 93' lang='lat' dir='ltr'>to</span> <span class='ocrx_word' id='word_1_74' title='bbox 367 1528 595 1622; x_wconf 85' lang='lat' dir='ltr'>contingeret.</span> <span class='ocrx_word' id='word_1_75' title='bbox 669 1527 785 1617; x_wconf 88' lang='lat' dir='ltr'>Quam</span> <span class='ocrx_word' id='word_1_76' title='bbox 802 1527 965 1624; x_wconf 89' lang='lat' dir='ltr'>corporis</span> <span class='ocrx_word' id='word_1_77' title='bbox 981 1529 1199 1600; x_wconf 89' lang='lat' dir='ltr'>nutationem</span> <span class='ocrx_word' id='word_1_78' title='bbox 1215 1528 1359 1627; x_wconf 82' lang='lat' dir='ltr'>egregia</span> <span class='ocrx_word' id='word_1_79' title='bbox 1376 1525 1512 1598; x_wconf 89' lang='lat' dir='ltr'>ultione</span> <span class='ocrx_word' id='word_1_80' title='bbox 1526 1545 1618 1618; x_wconf 90' lang='lat' dir='ltr'>pen-</span> 
     </span>
     <span class='ocr_line' id='line_1_11' title="bbox 314 1645 1619 1748; baseline -0.008 -25"><span class='ocrx_word' id='word_1_81' title='bbox 314 1654 411 1724; x_wconf 79' lang='lat' dir='ltr'>savit.</span> <span class='ocrx_word' id='word_1_82' title='bbox 453 1651 549 1718; x_wconf 80' lang='lat' dir='ltr'>Nam</span> <span class='ocrx_word' id='word_1_83' title='bbox 571 1645 634 1718; x_wconf 90' lang='lat' dir='ltr'>ubi</span> <span class='ocrx_word' id='word_1_84' title='bbox 659 1653 864 1722; x_wconf 89' lang='lat' dir='ltr'>resuscitato</span> <span class='ocrx_word' id='word_1_85' title='bbox 881 1647 1020 1748; x_wconf 85' lang='lat' dir='ltr'>poplite</span> <span class='ocrx_word' id='word_1_86' title='bbox 1038 1673 1195 1721; x_wconf 63' lang='lat' dir='ltr'>⁴manum</span> <span class='ocrx_word' id='word_1_87' title='bbox 1221 1647 1388 1748; x_wconf 81' lang='lat' dir='ltr'>expedire</span> <span class='ocrx_word' id='word_1_88' title='bbox 1416 1647 1619 1740; x_wconf 77' lang='lat' dir='ltr'>ferrumque</span> 
     </span>
     <span class='ocr_line' id='line_1_12' title="bbox 314 1751 1619 1870; baseline -0.006 -26"><span class='ocrx_word' id='word_1_89' title='bbox 314 1771 532 1868; x_wconf 79' lang='lat' dir='ltr'>destringere</span> <span class='ocrx_word' id='word_1_90' title='bbox 557 1767 673 1857; x_wconf 89' lang='lat' dir='ltr'>licuit,</span> <span class='ocrx_word' id='word_1_91' title='bbox 699 1769 857 1844; x_wconf 89' lang='lat' dir='ltr'>medium</span> <span class='ocrx_word' id='word_1_92' title='bbox 883 1775 1006 1844; x_wconf 83' lang='lat' dir='ltr'>Hamae</span> <span class='ocrx_word' id='word_1_93' title='bbox 1023 1751 1156 1870; x_wconf 80' lang='lat' dir='ltr'>cerpus</span> <span class='ocrx_word' id='word_1_94' title='bbox 1179 1769 1355 1845; x_wconf 89' lang='lat' dir='ltr'>dissecuit</span> <span class='ocrx_word' id='word_1_95' title='bbox 1410 1765 1619 1864; x_wconf 84' lang='lat' dir='ltr'>Complures</span> 
     </span>
     <span class='ocr_line' id='line_1_13' title="bbox 315 1891 1618 1993; baseline -0.008 -25"><span class='ocrx_word' id='word_1_96' title='bbox 315 1896 393 1993; x_wconf 80' lang='lat' dir='ltr'>agri</span> <span class='ocrx_word' id='word_1_97' title='bbox 416 1915 665 1990; x_wconf 81' lang='lat' dir='ltr'>sexagenaque</span> <span class='ocrx_word' id='word_1_98' title='bbox 688 1896 866 1992; x_wconf 85' lang='lat' dir='ltr'>mancipia</span> <span class='ocrx_word' id='word_1_99' title='bbox 885 1896 1041 1968; x_wconf 82' lang='lat' dir='ltr'>victoriae</span> <span class='ocrx_word' id='word_1_100' title='bbox 1066 1895 1252 1993; x_wconf 76' lang='lat' dir='ltr'>preamium</span> <span class='ocrx_word' id='word_1_101' title='bbox 1275 1895 1429 1966; x_wconf 80' lang='lat' dir='ltr'>extitere.</span> <span class='ocrx_word' id='word_1_102' title='bbox 1496 1894 1537 1962; x_wconf 92' lang='lat' dir='ltr'>lu</span> <span class='ocrx_word' id='word_1_103' title='bbox 1554 1891 1618 1958; x_wconf 82' lang='lat' dir='ltr'>Sa-</span> 
     </span>
     <span class='ocr_line' id='line_1_14' title="bbox 316 2011 1618 2112; baseline -0.005 -23"><span class='ocrx_word' id='word_1_104' title='bbox 316 2039 428 2090; x_wconf 79' lang='lat' dir='ltr'>xones</span> <span class='ocrx_word' id='word_1_105' title='bbox 455 2013 549 2088; x_wconf 87' lang='lat' dir='ltr'>vero</span> <span class='ocrx_word' id='word_1_106' title='bbox 566 2029 648 2112; x_wconf 89' lang='lat' dir='ltr'>post</span> <span class='ocrx_word' id='word_1_107' title='bbox 669 2016 793 2086; x_wconf 84' lang='lat' dir='ltr'>Hamae</span> <span class='ocrx_word' id='word_1_108' title='bbox 814 2015 948 2088; x_wconf 81' lang='lat' dir='ltr'>caedern</span> <span class='ocrx_word' id='word_1_109' title='bbox 968 2015 1061 2090; x_wconf 89' lang='lat' dir='ltr'>adeo</span> <span class='ocrx_word' id='word_1_110' title='bbox 1084 2017 1270 2111; x_wconf 88' lang='lat' dir='ltr'>Danorum</span> <span class='ocrx_word' id='word_1_111' title='bbox 1291 2013 1452 2088; x_wconf 83' lang='lat' dir='ltr'>insolevit</span> <span class='ocrx_word' id='word_1_112' title='bbox 1474 2011 1618 2108; x_wconf 89' lang='lat' dir='ltr'>imperi-</span> 
     </span>
    </p>
   </div>
   <div class='ocr_carea' id='block_1_3' title="bbox 314 2135 1619 2729">
    <p class='ocr_par' dir='ltr' id='par_1_3' title="bbox 314 2135 1619 2729">
     <span class='ocr_line' id='line_1_15' title="bbox 315 2135 1619 2237; baseline -0.005 -27"><span class='ocrx_word' id='word_1_113' title='bbox 315 2163 390 2230; x_wconf 89' lang='lat' dir='ltr'>um,</span> <span class='ocrx_word' id='word_1_114' title='bbox 416 2153 455 2210; x_wconf 89' lang='lat' dir='ltr'>ut</span> <span class='ocrx_word' id='word_1_115' title='bbox 479 2161 548 2234; x_wconf 90' lang='lat' dir='ltr'>pro</span> <span class='ocrx_word' id='word_1_116' title='bbox 573 2135 780 2210; x_wconf 89' lang='lat' dir='ltr'>cubitalium</span> <span class='ocrx_word' id='word_1_117' title='bbox 811 2137 1059 2212; x_wconf 89' lang='lat' dir='ltr'>membrorum</span> <span class='ocrx_word' id='word_1_118' title='bbox 1089 2137 1252 2237; x_wconf 89' lang='lat' dir='ltr'>quolibet</span> <span class='ocrx_word' id='word_1_119' title='bbox 1273 2135 1430 2210; x_wconf 89' lang='lat' dir='ltr'>indicem</span> <span class='ocrx_word' id='word_1_120' title='bbox 1450 2137 1619 2210; x_wconf 80' lang='lat' dir='ltr'>serrinttis</span> 
     </span>
     <span class='ocr_line' id='line_1_16' title="bbox 315 2255 1619 2360; baseline -0.007 -27"><span class='ocrx_word' id='word_1_121' title='bbox 315 2267 443 2358; x_wconf 83' lang='lat' dir='ltr'>stipem</span> <span class='ocrx_word' id='word_1_122' title='bbox 460 2262 650 2357; x_wconf 82' lang='lat' dir='ltr'>quotannis</span> <span class='ocrx_word' id='word_1_123' title='bbox 671 2259 830 2356; x_wconf 91' lang='lat' dir='ltr'>pendere</span> <span class='ocrx_word' id='word_1_124' title='bbox 847 2278 1069 2360; x_wconf 85' lang='lat' dir='ltr'>cogerentur.</span> <span class='ocrx_word' id='word_1_125' title='bbox 1128 2261 1234 2354; x_wconf 89' lang='lat' dir='ltr'>Quod</span> <span class='ocrx_word' id='word_1_126' title='bbox 1250 2285 1347 2360; x_wconf 79' lang='lat' dir='ltr'>aegre</span> <span class='ocrx_word' id='word_1_127' title='bbox 1363 2261 1483 2334; x_wconf 89' lang='lat' dir='ltr'>ferens</span> <span class='ocrx_word' id='word_1_128' title='bbox 1500 2255 1619 2340; x_wconf 74' lang='lat' dir='ltr'>blanel,</span> 
     </span>
     <span class='ocr_line' id='line_1_17' title="bbox 315 2380 1616 2482; baseline 0 -28"><span class='ocrx_word' id='word_1_129' title='bbox 315 2381 452 2455; x_wconf 85' lang='lat' dir='ltr'>bollum</span> <span class='ocrx_word' id='word_1_130' title='bbox 468 2380 654 2455; x_wconf 86' lang='lat' dir='ltr'>demendae</span> <span class='ocrx_word' id='word_1_131' title='bbox 673 2384 852 2481; x_wconf 88' lang='lat' dir='ltr'>pensionis</span> <span class='ocrx_word' id='word_1_132' title='bbox 867 2383 1035 2482; x_wconf 88' lang='lat' dir='ltr'>cupidine</span> <span class='ocrx_word' id='word_1_133' title='bbox 1050 2409 1131 2456; x_wconf 91' lang='lat' dir='ltr'>cum</span> <span class='ocrx_word' id='word_1_134' title='bbox 1149 2389 1267 2456; x_wconf 89' lang='lat' dir='ltr'>animo</span> <span class='ocrx_word' id='word_1_135' title='bbox 1285 2383 1481 2456; x_wconf 75' lang='lat' dir='ltr'>volutabat</span> <span class='ocrx_word' id='word_1_136' title='bbox 1507 2382 1616 2454; x_wconf 84' lang='lat' dir='ltr'>cnm-</span> 
     </span>
     <span class='ocr_line' id='line_1_18' title="bbox 314 2497 1618 2605; baseline -0.006 -27"><span class='ocrx_word' id='word_1_137' title='bbox 314 2531 388 2604; x_wconf 89' lang='lat' dir='ltr'>que</span> <span class='ocrx_word' id='word_1_138' title='bbox 401 2505 562 2603; x_wconf 80' lang='lat' dir='ltr'>pertinax</span> <span class='ocrx_word' id='word_1_139' title='bbox 578 2527 679 2578; x_wconf 91' lang='lat' dir='ltr'>amor</span> <span class='ocrx_word' id='word_1_140' title='bbox 696 2507 819 2603; x_wconf 86' lang='lat' dir='ltr'>patriae</span> <span class='ocrx_word' id='word_1_141' title='bbox 844 2523 996 2578; x_wconf 90' lang='lat' dir='ltr'>mentem</span> <span class='ocrx_word' id='word_1_142' title='bbox 1013 2511 1049 2577; x_wconf 92' lang='lat' dir='ltr'>in</span> <span class='ocrx_word' id='word_1_143' title='bbox 1075 2504 1149 2580; x_wconf 89' lang='lat' dir='ltr'>dies</span> <span class='ocrx_word' id='word_1_144' title='bbox 1165 2497 1431 2605; x_wconf 81' lang='lat' dir='ltr'>oppressorum</span> <span class='ocrx_word' id='word_1_145' title='bbox 1447 2503 1618 2576; x_wconf 78' lang='lat' dir='ltr'>miserati-</span> 
     </span>
     <span class='ocr_line' id='line_1_19' title="bbox 315 2607 1617 2729; baseline -0.005 -27"><span class='ocrx_word' id='word_1_146' title='bbox 315 2624 646 2724; x_wconf 84' lang='lat' dir='ltr'>oneperfunderet,</span> <span class='ocrx_word' id='word_1_147' title='bbox 669 2630 831 2725; x_wconf 90' lang='lat' dir='ltr'>spiritum</span> <span class='ocrx_word' id='word_1_148' title='bbox 851 2653 920 2725; x_wconf 91' lang='lat' dir='ltr'>pro</span> <span class='ocrx_word' id='word_1_149' title='bbox 941 2627 1103 2702; x_wconf 89' lang='lat' dir='ltr'>libertate</span> <span class='ocrx_word' id='word_1_150' title='bbox 1134 2635 1264 2704; x_wconf 90' lang='lat' dir='ltr'>civium</span> <span class='ocrx_word' id='word_1_151' title='bbox 1286 2653 1438 2729; x_wconf 80' lang='lat' dir='ltr'>erogare</span> <span class='ocrx_word' id='word_1_152' title='bbox 1469 2607 1617 2720; x_wconf 78' lang='lat' dir='ltr'>cupiens,</span> 
     </span>
    </p>
   </div>
   <div class='ocr_carea' id='block_1_4' title="bbox 313 2745 1703 4077">
    <p class='ocr_par' dir='ltr' id='par_1_4' title="bbox 313 2745 1703 4077">
     <span class='ocr_line' id='line_1_20' title="bbox 314 2745 1617 2851; baseline -0.003 -27"><span class='ocrx_word' id='word_1_153' title='bbox 314 2749 519 2824; x_wconf 85' lang='lat' dir='ltr'>rebellionis</span> <span class='ocrx_word' id='word_1_154' title='bbox 537 2748 694 2821; x_wconf 89' lang='lat' dir='ltr'>studium</span> <span class='ocrx_word' id='word_1_155' title='bbox 712 2750 888 2849; x_wconf 81' lang='lat' dir='ltr'>patefecit</span> <span class='ocrx_word' id='word_1_156' title='bbox 946 2753 1063 2842; x_wconf 88' lang='lat' dir='ltr'>Quem</span> <span class='ocrx_word' id='word_1_157' title='bbox 1075 2750 1222 2843; x_wconf 89' lang='lat' dir='ltr'>Frotho‚</span> <span class='ocrx_word' id='word_1_158' title='bbox 1238 2753 1391 2851; x_wconf 85' lang='lat' dir='ltr'>trajectis</span> <span class='ocrx_word' id='word_1_159' title='bbox 1406 2745 1617 2848; x_wconf 78' lang='lat' dir='ltr'>perititiam</span> 
     </span>
     <span class='ocr_line' id='line_1_21' title="bbox 315 2863 1617 2972; baseline -0.006 -26"><span class='ocrx_word' id='word_1_160' title='bbox 315 2873 439 2970; x_wconf 84' lang='lat' dir='ltr'>copiis,</span> <span class='ocrx_word' id='word_1_161' title='bbox 469 2870 569 2969; x_wconf 92' lang='lat' dir='ltr'>apud</span> <span class='ocrx_word' id='word_1_162' title='bbox 586 2872 703 2946; x_wconf 91' lang='lat' dir='ltr'>vicum</span> <span class='ocrx_word' id='word_1_163' title='bbox 715 2875 909 2965; x_wconf 78' lang='lat' dir='ltr'>Hanofra1,</span> <span class='ocrx_word' id='word_1_164' title='bbox 934 2874 1048 2947; x_wconf 87' lang='lat' dir='ltr'>taliter</span> <span class='ocrx_word' id='word_1_165' title='bbox 1068 2875 1116 2948; x_wconf 90' lang='lat' dir='ltr'>ab</span> <span class='ocrx_word' id='word_1_166' title='bbox 1138 2901 1182 2950; x_wconf 90' lang='lat' dir='ltr'>eo</span> <span class='ocrx_word' id='word_1_167' title='bbox 1197 2889 1461 2972; x_wconf 84' lang='lat' dir='ltr'>nuncupatum,</span> <span class='ocrx_word' id='word_1_168' title='bbox 1489 2863 1617 2944; x_wconf 86' lang='lat' dir='ltr'>occidit</span> 
     </span>
     <span class='ocr_line' id='line_1_22' title="bbox 314 2995 1615 3094; baseline -0.005 -27"><span class='ocrx_word' id='word_1_169' title='bbox 314 2999 520 3091; x_wconf 81' lang='lat' dir='ltr'>Svertingus</span> <span class='ocrx_word' id='word_1_170' title='bbox 537 3017 636 3085; x_wconf 87' lang='lat' dir='ltr'>vero,</span> <span class='ocrx_word' id='word_1_171' title='bbox 652 3019 860 3094; x_wconf 88' lang='lat' dir='ltr'>quanquam</span> <span class='ocrx_word' id='word_1_172' title='bbox 877 3023 949 3070; x_wconf 91' lang='lat' dir='ltr'>nou</span> <span class='ocrx_word' id='word_1_173' title='bbox 967 3003 1083 3070; x_wconf 91' lang='lat' dir='ltr'>minus</span> <span class='ocrx_word' id='word_1_174' title='bbox 1101 3003 1233 3073; x_wconf 89' lang='lat' dir='ltr'>civium</span> <span class='ocrx_word' id='word_1_175' title='bbox 1249 2995 1478 3070; x_wconf 87' lang='lat' dir='ltr'>afflictatione</span> <span class='ocrx_word' id='word_1_176' title='bbox 1493 3013 1615 3064; x_wconf 88' lang='lat' dir='ltr'>move-</span> 
     </span>
     <span class='ocr_line' id='line_1_23' title="bbox 313 3114 1616 3220; baseline -0.007 -31"><span class='ocrx_word' id='word_1_177' title='bbox 313 3133 422 3208; x_wconf 86' lang='lat' dir='ltr'>retur,</span> <span class='ocrx_word' id='word_1_178' title='bbox 442 3114 664 3190; x_wconf 89' lang='lat' dir='ltr'>dissimulato</span> <span class='ocrx_word' id='word_1_179' title='bbox 686 3125 811 3216; x_wconf 83' lang='lat' dir='ltr'>patriae</span> <span class='ocrx_word' id='word_1_180' title='bbox 832 3119 948 3214; x_wconf 84' lang='lat' dir='ltr'>malo,</span> <span class='ocrx_word' id='word_1_181' title='bbox 971 3127 1199 3218; x_wconf 87' lang='lat' dir='ltr'>pervicaciori</span> <span class='ocrx_word' id='word_1_182' title='bbox 1220 3145 1329 3220; x_wconf 87' lang='lat' dir='ltr'>quam</span> <span class='ocrx_word' id='word_1_183' title='bbox 1346 3116 1469 3192; x_wconf 84' lang='lat' dir='ltr'>Hanef</span> <span class='ocrx_word' id='word_1_184' title='bbox 1485 3115 1616 3212; x_wconf 83' lang='lat' dir='ltr'>ingenio</span> 
     </span>
     <span class='ocr_line' id='line_1_24' title="bbox 313 3233 1615 3343; baseline 0 -33"><span class='ocrx_word' id='word_1_185' title='bbox 313 3237 485 3311; x_wconf 87' lang='lat' dir='ltr'>libertatis</span> <span class='ocrx_word' id='word_1_186' title='bbox 508 3244 735 3336; x_wconf 91' lang='lat' dir='ltr'>propositum</span> <span class='ocrx_word' id='word_1_187' title='bbox 753 3242 917 3340; x_wconf 80' lang='lat' dir='ltr'>agitabat</span> <span class='ocrx_word' id='word_1_188' title='bbox 970 3242 1078 3338; x_wconf 90' lang='lat' dir='ltr'>Quod</span> <span class='ocrx_word' id='word_1_189' title='bbox 1101 3244 1247 3343; x_wconf 87' lang='lat' dir='ltr'>quidem</span> <span class='ocrx_word' id='word_1_190' title='bbox 1273 3241 1443 3330; x_wconf 86' lang='lat' dir='ltr'>studium,</span> <span class='ocrx_word' id='word_1_191' title='bbox 1470 3233 1615 3310; x_wconf 77' lang='lat' dir='ltr'>dubitari</span> 
     </span>
     <span class='ocr_line' id='line_1_25' title="bbox 315 3355 1703 3466; baseline -0.001 -32"><span class='ocrx_word' id='word_1_192' title='bbox 315 3360 416 3452; x_wconf 82' lang='lat' dir='ltr'>solet,</span> <span class='ocrx_word' id='word_1_193' title='bbox 433 3363 553 3433; x_wconf 85' lang='lat' dir='ltr'>virtuti</span> <span class='ocrx_word' id='word_1_194' title='bbox 572 3385 617 3432; x_wconf 88' lang='lat' dir='ltr'>un</span> <span class='ocrx_word' id='word_1_195' title='bbox 636 3363 721 3435; x_wconf 89' lang='lat' dir='ltr'>vitio</span> <span class='ocrx_word' id='word_1_196' title='bbox 745 3367 895 3462; x_wconf 87' lang='lat' dir='ltr'>propius</span> <span class='ocrx_word' id='word_1_197' title='bbox 913 3365 1026 3438; x_wconf 87' lang='lat' dir='ltr'>suerit.</span> <span class='ocrx_word' id='word_1_198' title='bbox 1082 3369 1163 3466; x_wconf 78' lang='lat' dir='ltr'>Ego</span> <span class='ocrx_word' id='word_1_199' title='bbox 1186 3391 1273 3440; x_wconf 88' lang='lat' dir='ltr'>vero</span> <span class='ocrx_word' id='word_1_200' title='bbox 1295 3362 1401 3464; x_wconf 88' lang='lat' dir='ltr'>plane</span> <span class='ocrx_word' id='word_1_201' title='bbox 1421 3360 1459 3434; x_wconf 93' lang='lat' dir='ltr'>id</span> <span class='ocrx_word' id='word_1_202' title='bbox 1484 3355 1615 3434; x_wconf 73' lang='lat' dir='ltr'>sceleris</span> <span class='ocrx_word' id='word_1_203' title='bbox 1702 3367 1703 3390; x_wconf 68' lang='lat'>³</span> 
     </span>
     <span class='ocr_line' id='line_1_26' title="bbox 314 3479 1613 3587; baseline -0.002 -31"><span class='ocrx_word' id='word_1_204' title='bbox 314 3507 441 3582; x_wconf 76' lang='lat' dir='ltr'>arguo,</span> <span class='ocrx_word' id='word_1_205' title='bbox 466 3479 566 3580; x_wconf 92' lang='lat' dir='ltr'>quod</span> <span class='ocrx_word' id='word_1_206' title='bbox 583 3483 749 3558; x_wconf 89' lang='lat' dir='ltr'>insidiosa</span> <span class='ocrx_word' id='word_1_207' title='bbox 766 3484 970 3562; x_wconf 86' lang='lat' dir='ltr'>deiectionis</span> <span class='ocrx_word' id='word_1_208' title='bbox 986 3487 1162 3587; x_wconf 78' lang='lat' dir='ltr'>cupiditas</span> <span class='ocrx_word' id='word_1_209' title='bbox 1181 3488 1298 3562; x_wconf 78' lang='lat' dir='ltr'>edidit</span> <span class='ocrx_word' id='word_1_210' title='bbox 1358 3489 1447 3556; x_wconf 84' lang='lat' dir='ltr'>Nam</span> <span class='ocrx_word' id='word_1_211' title='bbox 1463 3486 1526 3556; x_wconf 85' lang='lat' dir='ltr'>etsi</span> <span class='ocrx_word' id='word_1_212' title='bbox 1550 3501 1613 3576; x_wconf 81' lang='lat' dir='ltr'>pa-</span> 
     </span>
     <span class='ocr_line' id='line_1_27' title="bbox 315 3599 1614 3707; baseline -0.005 -31"><span class='ocrx_word' id='word_1_213' title='bbox 315 3610 389 3677; x_wconf 90' lang='lat' dir='ltr'>triae</span> <span class='ocrx_word' id='word_1_214' title='bbox 413 3603 608 3676; x_wconf 87' lang='lat' dir='ltr'>lihertatem</span> <span class='ocrx_word' id='word_1_215' title='bbox 636 3631 798 3703; x_wconf 86' lang='lat' dir='ltr'>quaerere</span> <span class='ocrx_word' id='word_1_216' title='bbox 816 3610 967 3707; x_wconf 90' lang='lat' dir='ltr'>perutile</span> <span class='ocrx_word' id='word_1_217' title='bbox 992 3610 1198 3703; x_wconf 85' lang='lat' dir='ltr'>videbatur,</span> <span class='ocrx_word' id='word_1_218' title='bbox 1221 3609 1268 3682; x_wconf 89' lang='lat' dir='ltr'>ad</span> <span class='ocrx_word' id='word_1_219' title='bbox 1286 3608 1377 3681; x_wconf 88' lang='lat' dir='ltr'>banc</span> <span class='ocrx_word' id='word_1_220' title='bbox 1395 3625 1514 3680; x_wconf 90' lang='lat' dir='ltr'>tamen</span> <span class='ocrx_word' id='word_1_221' title='bbox 1538 3599 1614 3674; x_wconf 93' lang='lat' dir='ltr'>dolo</span> 
     </span>
     <span class='ocr_line' id='line_1_28' title="bbox 314 3723 1612 3832; baseline -0.003 -33"><span class='ocrx_word' id='word_1_222' title='bbox 314 3751 357 3799; x_wconf 83' lang='lat' dir='ltr'>eo</span> <span class='ocrx_word' id='word_1_223' title='bbox 374 3723 577 3823; x_wconf 88' lang='lat' dir='ltr'>proditione</span> <span class='ocrx_word' id='word_1_224' title='bbox 592 3727 807 3802; x_wconf 86' lang='lat' dir='ltr'>contendere</span> <span class='ocrx_word' id='word_1_225' title='bbox 831 3757 905 3804; x_wconf 88' lang='lat' dir='ltr'>nou</span> <span class='ocrx_word' id='word_1_226' title='bbox 921 3730 1061 3805; x_wconf 86' lang='lat' dir='ltr'>licebat.</span> <span class='ocrx_word' id='word_1_227' title='bbox 1119 3735 1211 3805; x_wconf 89' lang='lat' dir='ltr'>Cum</span> <span class='ocrx_word' id='word_1_228' title='bbox 1229 3759 1317 3832; x_wconf 80' lang='lat' dir='ltr'>ergo</span> <span class='ocrx_word' id='word_1_229' title='bbox 1338 3732 1511 3826; x_wconf 83' lang='lat' dir='ltr'>Svertingi</span> <span class='ocrx_word' id='word_1_230' title='bbox 1530 3725 1612 3800; x_wconf 85' lang='lat' dir='ltr'>faci-</span> 
     </span>
     <span class='ocr_line' id='line_1_29' title="bbox 315 3844 1611 3955; baseline -0.002 -35"><span class='ocrx_word' id='word_1_231' title='bbox 315 3873 383 3920; x_wconf 88' lang='lat' dir='ltr'>nus</span> <span class='ocrx_word' id='word_1_232' title='bbox 399 3845 506 3944; x_wconf 88' lang='lat' dir='ltr'>plane</span> <span class='ocrx_word' id='word_1_233' title='bbox 523 3844 571 3916; x_wconf 91' lang='lat' dir='ltr'>ab</span> <span class='ocrx_word' id='word_1_234' title='bbox 594 3845 744 3920; x_wconf 89' lang='lat' dir='ltr'>honesto</span> <span class='ocrx_word' id='word_1_235' title='bbox 763 3851 959 3948; x_wconf 84' lang='lat' dir='ltr'>desciverit,</span> <span class='ocrx_word' id='word_1_236' title='bbox 983 3879 1028 3926; x_wconf 91' lang='lat' dir='ltr'>ne</span> <span class='ocrx_word' id='word_1_237' title='bbox 1045 3855 1129 3929; x_wconf 87' lang='lat' dir='ltr'>utile</span> <span class='ocrx_word' id='word_1_238' title='bbox 1143 3855 1178 3928; x_wconf 95' lang='lat' dir='ltr'>id</span> <span class='ocrx_word' id='word_1_239' title='bbox 1197 3854 1345 3955; x_wconf 91' lang='lat' dir='ltr'>quidem</span> <span class='ocrx_word' id='word_1_240' title='bbox 1361 3854 1514 3926; x_wconf 81' lang='lat' dir='ltr'>extitisse</span> <span class='ocrx_word' id='word_1_241' title='bbox 1528 3873 1611 3922; x_wconf 87' lang='lat' dir='ltr'>oon-</span> 
     </span>
     <span class='ocr_line' id='line_1_30' title="bbox 313 3969 1611 4077; baseline -0.002 -32"><span class='ocrx_word' id='word_1_242' title='bbox 313 3969 454 4045; x_wconf 74' lang='lat' dir='ltr'>stabit2.</span> <span class='ocrx_word' id='word_1_243' title='bbox 508 3971 595 4042; x_wconf 88' lang='lat' dir='ltr'>Nam</span> <span class='ocrx_word' id='word_1_244' title='bbox 611 3974 807 4069; x_wconf 87' lang='lat' dir='ltr'>speciosius</span> <span class='ocrx_word' id='word_1_245' title='bbox 824 3993 878 4049; x_wconf 88' lang='lat' dir='ltr'>est</span> <span class='ocrx_word' id='word_1_246' title='bbox 888 3992 1021 4076; x_wconf 87' lang='lat' dir='ltr'>aperte,</span> <span class='ocrx_word' id='word_1_247' title='bbox 1034 4003 1141 4077; x_wconf 92' lang='lat' dir='ltr'>quem</span> <span class='ocrx_word' id='word_1_248' title='bbox 1159 3977 1253 4069; x_wconf 88' lang='lat' dir='ltr'>velis,</span> <span class='ocrx_word' id='word_1_249' title='bbox 1275 3977 1451 4049; x_wconf 88' lang='lat' dir='ltr'>incessere</span> <span class='ocrx_word' id='word_1_250' title='bbox 1473 3973 1611 4048; x_wconf 89' lang='lat' dir='ltr'>odium-</span> 
     </span>
    </p>
   </div>
   <div class='ocr_carea' id='block_1_5' title="bbox 313 4253 1631 4998">
    <p class='ocr_par' dir='ltr' id='par_1_5' title="bbox 313 4253 1631 4886">
     <span class='ocr_line' id='line_1_31' title="bbox 360 4253 1631 4362; baseline -0.002 -24"><span class='ocrx_word' id='word_1_251' title='bbox 360 4274 472 4360; x_wconf 83' lang='lat' dir='ltr'>¹Apud</span> <span class='ocrx_word' id='word_1_252' title='bbox 485 4279 579 4338; x_wconf 71' lang='lat' dir='ltr'>neum</span> <span class='ocrx_word' id='word_1_253' title='bbox 593 4276 746 4362; x_wconf 64' lang='lat' dir='ltr'>Hantffra]</span> <span class='ocrx_word' id='word_1_254' title='bbox 757 4281 874 4341; x_wconf 88' lang='lat' dir='ltr'>Nomen</span> <span class='ocrx_word' id='word_1_255' title='bbox 887 4301 937 4342; x_wconf 88' lang='lat' dir='ltr'>ur·</span> <span class='ocrx_word' id='word_1_256' title='bbox 998 4297 1085 4360; x_wconf 83' lang='lat' dir='ltr'>nem,</span> <span class='ocrx_word' id='word_1_257' title='bbox 1113 4292 1148 4342; x_wconf 89' lang='lat' dir='ltr'>ut</span> <span class='ocrx_word' id='word_1_258' title='bbox 1174 4271 1236 4342; x_wconf 85' lang='lat' dir='ltr'>uon</span> <span class='ocrx_word' id='word_1_259' title='bbox 1266 4275 1375 4340; x_wconf 88' lang='lat' dir='ltr'>mirum</span> <span class='ocrx_word' id='word_1_260' title='bbox 1403 4275 1446 4338; x_wconf 87' lang='lat' dir='ltr'>sit</span> <span class='ocrx_word' id='word_1_261' title='bbox 1463 4275 1514 4338; x_wconf 80' lang='lat' dir='ltr'>vel</span> <span class='ocrx_word' id='word_1_262' title='bbox 1533 4253 1631 4336; x_wconf 68' lang='lat' dir='ltr'>Saxo.</span> 
     </span>
     <span class='ocr_line' id='line_1_32' title="bbox 313 4379 1612 4469; baseline -0.001 -29"><span class='ocrx_word' id='word_1_263' title='bbox 313 4379 360 4441; x_wconf 86' lang='lat' dir='ltr'>bis</span> <span class='ocrx_word' id='word_1_264' title='bbox 374 4383 550 4457; x_wconf 87' lang='lat' dir='ltr'>Hannover‚</span> <span class='ocrx_word' id='word_1_265' title='bbox 565 4381 648 4465; x_wconf 91' lang='lat' dir='ltr'>quod</span> <span class='ocrx_word' id='word_1_266' title='bbox 662 4381 829 4467; x_wconf 83' lang='lat' dir='ltr'>diplomata</span> <span class='ocrx_word' id='word_1_267' title='bbox 843 4402 938 4448; x_wconf 84' lang='lat' dir='ltr'>saecu·</span> <span class='ocrx_word' id='word_1_268' title='bbox 997 4403 1067 4447; x_wconf 90' lang='lat' dir='ltr'>uem</span> <span class='ocrx_word' id='word_1_269' title='bbox 1099 4385 1147 4448; x_wconf 89' lang='lat' dir='ltr'>vel</span> <span class='ocrx_word' id='word_1_270' title='bbox 1175 4385 1267 4448; x_wconf 88' lang='lat' dir='ltr'>alium</span> <span class='ocrx_word' id='word_1_271' title='bbox 1287 4400 1499 4469; x_wconf 87' lang='lat' dir='ltr'>quemcunque</span> <span class='ocrx_word' id='word_1_272' title='bbox 1519 4379 1612 4441; x_wconf 71' lang='lat' dir='ltr'>tarum</span> 
     </span>
     <span class='ocr_line' id='line_1_33' title="bbox 313 4481 1613 4573; baseline 0 -27"><span class='ocrx_word' id='word_1_273' title='bbox 313 4483 336 4546; x_wconf 92' lang='lat' dir='ltr'>li</span> <span class='ocrx_word' id='word_1_274' title='bbox 354 4481 524 4546; x_wconf 86' lang='lat' dir='ltr'>duodecimi</span> <span class='ocrx_word' id='word_1_275' title='bbox 538 4485 681 4553; x_wconf 84' lang='lat' dir='ltr'>exhibent</span> <span class='ocrx_word' id='word_1_276' title='bbox 701 4487 864 4573; x_wconf 88' lang='lat' dir='ltr'>(Grupenii</span> <span class='ocrx_word' id='word_1_277' title='bbox 877 4491 937 4552; x_wconf 91' lang='lat' dir='ltr'>ori·</span> <span class='ocrx_word' id='word_1_278' title='bbox 997 4509 1098 4553; x_wconf 81' lang='lat' dir='ltr'>rerum</span> <span class='ocrx_word' id='word_1_279' title='bbox 1119 4503 1308 4554; x_wconf 86' lang='lat' dir='ltr'>narratorem</span> <span class='ocrx_word' id='word_1_280' title='bbox 1326 4489 1430 4554; x_wconf 79' lang='lat' dir='ltr'>lictum</span> <span class='ocrx_word' id='word_1_281' title='bbox 1460 4486 1543 4548; x_wconf 86' lang='lat' dir='ltr'>illam</span> <span class='ocrx_word' id='word_1_282' title='bbox 1561 4494 1613 4562; x_wconf 76' lang='lat' dir='ltr'>ety-</span> 
     </span>
     <span class='ocr_line' id='line_1_34' title="bbox 313 4586 1615 4681; baseline -0.002 -31"><span class='ocrx_word' id='word_1_283' title='bbox 313 4586 400 4671; x_wconf 79' lang='lat' dir='ltr'>giues</span> <span class='ocrx_word' id='word_1_284' title='bbox 424 4593 676 4656; x_wconf 84' lang='lat' dir='ltr'>Hannorerenses</span> <span class='ocrx_word' id='word_1_285' title='bbox 698 4617 729 4678; x_wconf 91' lang='lat' dir='ltr'>p.</span> <span class='ocrx_word' id='word_1_286' title='bbox 745 4592 800 4674; x_wconf 81' lang='lat'>37)</span> <span class='ocrx_word' id='word_1_287' title='bbox 822 4607 940 4659; x_wconf 87' lang='lat' dir='ltr'>tantam</span> <span class='ocrx_word' id='word_1_288' title='bbox 1000 4595 1165 4681; x_wconf 83' lang='lat' dir='ltr'>mologiam</span> <span class='ocrx_word' id='word_1_289' title='bbox 1192 4617 1278 4660; x_wconf 85' lang='lat' dir='ltr'>more</span> <span class='ocrx_word' id='word_1_290' title='bbox 1302 4595 1361 4658; x_wconf 77' lang='lat' dir='ltr'>sevi</span> <span class='ocrx_word' id='word_1_291' title='bbox 1385 4594 1431 4657; x_wconf 88' lang='lat' dir='ltr'>sui</span> <span class='ocrx_word' id='word_1_292' title='bbox 1460 4589 1615 4654; x_wconf 84' lang='lat' dir='ltr'>imernisse.</span> 
     </span>
     <span class='ocr_line' id='line_1_35' title="bbox 315 4689 1613 4786; baseline -0.002 -30"><span class='ocrx_word' id='word_1_293' title='bbox 315 4713 388 4756; x_wconf 83' lang='lat' dir='ltr'>cum</span> <span class='ocrx_word' id='word_1_294' title='bbox 405 4695 527 4758; x_wconf 84' lang='lat' dir='ltr'>nomine</span> <span class='ocrx_word' id='word_1_295' title='bbox 549 4697 668 4778; x_wconf 73' lang='lat' dir='ltr'>Harrei,</span> <span class='ocrx_word' id='word_1_296' title='bbox 690 4699 831 4785; x_wconf 84' lang='lat' dir='ltr'>inprimis</span> <span class='ocrx_word' id='word_1_297' title='bbox 856 4702 881 4766; x_wconf 90' lang='lat' dir='ltr'>si</span> <span class='ocrx_word' id='word_1_298' title='bbox 900 4701 939 4765; x_wconf 88' lang='lat' dir='ltr'>sd</span> <span class='ocrx_word' id='word_1_299' title='bbox 999 4701 1099 4765; x_wconf 85' lang='lat' dir='ltr'>Crisia</span> <span class='ocrx_word' id='word_1_300' title='bbox 1112 4703 1247 4767; x_wconf 83' lang='lat' dir='ltr'>historiae</span> <span class='ocrx_word' id='word_1_301' title='bbox 1261 4707 1288 4772; x_wconf 83' lang='lat' dir='ltr'><strong>F</strong></span> <span class='ocrx_word' id='word_1_302' title='bbox 1288 4700 1429 4766; x_wconf 81' lang='lat' dir='ltr'>rothonis</span> <span class='ocrx_word' id='word_1_303' title='bbox 1445 4699 1544 4786; x_wconf 80' lang='lat' dir='ltr'>quarti</span> <span class='ocrx_word' id='word_1_304' title='bbox 1560 4689 1613 4756; x_wconf 88' lang='lat' dir='ltr'>vid.</span> 
     </span>
     <span class='ocr_line' id='line_1_36' title="bbox 313 4799 1212 4886; baseline 0.013 -28"><span class='ocrx_word' id='word_1_305' title='bbox 313 4799 593 4883; x_wconf 86' lang='lat' dir='ltr'>pronuntiationem</span> <span class='ocrx_word' id='word_1_306' title='bbox 608 4806 829 4886; x_wconf 83' lang='lat' dir='ltr'>Germanicam,</span> <span class='ocrx_word' id='word_1_307' title='bbox 855 4811 939 4870; x_wconf 87' lang='lat' dir='ltr'>Han·</span> <span class='ocrx_word' id='word_1_308' title='bbox 998 4809 1029 4870; x_wconf 91' lang='lat' dir='ltr'>in</span> <span class='ocrx_word' id='word_1_309' title='bbox 1047 4819 1112 4871; x_wconf 91' lang='lat' dir='ltr'>not.</span> <span class='ocrx_word' id='word_1_310' title='bbox 1128 4807 1212 4872; x_wconf 86' lang='lat' dir='ltr'>uber.</span> 
     </span>
    </p>

    <p class='ocr_par' dir='ltr' id='par_1_6' title="bbox 314 4900 1612 4998">
     <span class='ocr_line' id='line_1_37' title="bbox 314 4900 1612 4998; baseline -0.004 -25"><span class='ocrx_word' id='word_1_311' title='bbox 314 4900 413 4980; x_wconf 66' lang='lat' dir='ltr'>¹¹⁰s1&#39;ev</span> <span class='ocrx_word' id='word_1_312' title='bbox 431 4903 624 4983; x_wconf 59' lang='lat' dir='ltr'>attendimus,</span> <span class='ocrx_word' id='word_1_313' title='bbox 641 4923 743 4973; x_wconf 81' lang='lat' dir='ltr'>servat</span> <span class='ocrx_word' id='word_1_314' title='bbox 767 4903 937 4977; x_wconf 81' lang='lat' dir='ltr'>similitudi·</span> <span class='ocrx_word' id='word_1_315' title='bbox 1042 4919 1112 4976; x_wconf 82' lang='lat' dir='ltr'>²Ne</span> <span class='ocrx_word' id='word_1_316' title='bbox 1126 4919 1196 4977; x_wconf 76' lang='lat' dir='ltr'>utile</span> <span class='ocrx_word' id='word_1_317' title='bbox 1215 4918 1249 4978; x_wconf 75' lang='lat' dir='ltr'>id</span> <span class='ocrx_word' id='word_1_318' title='bbox 1264 4917 1377 4998; x_wconf 77' lang='lat' dir='ltr'>quidem</span> <span class='ocrx_word' id='word_1_319' title='bbox 1397 4917 1539 4976; x_wconf 77' lang='lat' dir='ltr'>eestt&#39;tisse</span> <span class='ocrx_word' id='word_1_320' title='bbox 1552 4929 1612 4969; x_wconf 78' lang='lat' dir='ltr'>eoa·</span> 
     </span>
    </p>
   </div>
   <div class='ocr_carea' id='block_1_6' title="bbox 0 0 1726 5456">
    <p class='ocr_par' dir='ltr' id='par_1_7' title="bbox 0 0 1726 5456">
     <span class='ocr_line' id='line_1_38' title="bbox 0 0 1726 5456; baseline 0 0"><span class='ocrx_word' id='word_1_321' title='bbox 0 0 1726 5456; x_wconf 95' lang='lat' dir='ltr'> </span> 
     </span>
    </p>
   </div>
  </div>
 </body>
</html>
