3442 5456
537 321 543 337 ’
572 373 577 380 ·
638 339 873 414 lNGELLUS.
1293 343 1361 416 291

94 549 217 650 pidine
242 551 460 648 concitatus,
492 573 622 625 narem
650 551 866 631 conscendit.
942 555 1120 628 Ceterum
1152 557 1416 654 navigationem

94 689 191 746 tanto
206 677 420 748 instruxerat
434 673 534 765 luxu,
561 689 600 747 ut
611 672 835 748 excultorum
853 697 943 748 auro
961 674 1125 751 velorum
1140 693 1317 775 apparatu
1330 693 1415 753 ute-

93 813 203 888 retur,
229 821 312 895 quae
328 801 434 872 etlam
451 797 621 872 inauratis
636 795 738 876 malis
756 781 930 872 subnixtl¹
954 801 1150 898 purpureis
1172 799 1328 874 restibus
1355 817 1415 874 te-

93 919 280 994 nebantur.
353 923 513 996 venienti
536 919 691 1022 lngellus
718 935 845 994 votum
872 920 1135 1021 impetrandum
1161 925 1352 1020 promittit,
1386 931 1415 1000 si

94 1040 204 1116 modo
221 1041 364 1119 oblatos
380 1043 520 1146 pugiles
561 1042 609 1116 ad
634 1041 833 1118 testandam
857 1044 1035 1142 opinionis
1063 1069 1139 1120 suae
1162 1051 1414 1146 experientiam

93 1189 215 1266 pugna
239 1167 413 1242 sustinere
438 1182 678 1265 praesumeret.
747 1169 820 1240 Nec
843 1166 1048 1242 conditione
1074 1185 1262 1267 permotus
1286 1171 1414 1273 Erigo,

92 1295 205 1386 quam
225 1287 454 1364 libentissime
471 1313 509 1363 se
529 1306 636 1388 pacto
659 1315 807 1388 operam
829 1287 1010 1384 daturum,
1026 1291 1222 1390 respondit
1288 1297 1414 1396 Itaque

92 1412 232 1486 solenni
251 1411 472 1512 sponsalium
485 1411 590 1489 titulo
607 1411 739 1488 futurae
755 1412 899 1514 copulae
915 1416 1034 1513 pactio
1052 1431 1290 1490 consecratur.
1346 1421 1414 1492 Per

92 1535 189 1609 idem
214 1553 356 1636 tempus
379 1535 479 1636 apud
508 1535 660 1612 insulam
690 1535 905 1613 sialandiam
934 1561 1067 1612 novem
1092 1535 1195 1612 ducis
1225 1539 1413 1638 cujusdam

92 1656 186 1734 filios
203 1657 391 1734 inolevisse
406 1663 588 1733 memoriae
603 1657 788 1759 proditum
805 1675 877 1751 eat,
903 1663 1076 1758 'apprime
1088 1659 1225 1736 viribus
1238 1677 1272 1734 et
1289 1662 1411 1736 auda·
1504 1715 1511 1732 ,

91 1787 146 1854 cia
168 1781 361 1881 praeditos,
394 1809 552 1884 quorum
573 1787 762 1858 maximus
778 1787 998 1884 Angaterus²
1025 1783 1177 1857 extabat.
1235 1786 1305 1878 Qui
1328 1811 1412 1861 cum

92 1903 258 2004 ejusdem
282 1903 415 2006 puellae
441 1907 710 2007 competitorem
733 1919 872 2006 ageret,
920 1920 1142 2003 negansque
1171 1905 1241 1980 sibi
1268 1913 1412 2007 nuptias

91 2025 245 2128 Helgoni
265 2031 460 2127 promissas
481 2030 634 2125 videret,
659 2029 859 2131 palaestrica
876 2026 978 2102 illum
1001 2030 1256 2128 provocatione
1271 2029 1410 2106 solllci-

92 2165 157 2243 tat,
189 2147 286 2226 ferro
312 2149 513 2226 molestiam
541 2153 793 2254 propulsurus.
856 2150 1044 2250 Approbat
1063 2150 1181 2251 Helgo
1207 2155 1411 2252 propositas

91 2296 225 2370 pugnae
241 2291 368 2372 partes,
393 2293 428 2350 et
442 2281 649 2376 nuptiarum
664 2273 724 2349 die
738 2271 930 2348 dinticandi
952 2287 1094 2370 tempus
1112 2272 1304 2348 amborum
1318 2278 1412 2353 votis
1439 2281 1448 2294 '

91 2393 298 2470 condicitur.
356 2397 677 2472 Confundebatur⁸
698 2401 792 2472 onim
813 2391 913 2494 apud
936 2417 1079 2487 omnes,
1105 2396 1267 2494 quisquis
1290 2413 1411 2471 cerm-

91 2544 176 2593 men
192 2518 240 2594 ad
255 2518 499 2595 dimicandum
512 2537 730 2620 provocatus
752 2519 936 2593 abnueret
997 2516 1242 2612 Quamobrem
1267 2517 1411 2620 Helgo-

90 2667 175 2718 nem
189 2641 273 2716 hinc
295 2641 532 2719 detrectandae
556 2667 690 2744 pugnae
706 2642 840 2734 rubor,
859 2639 956 2714 'inde
968 2637 1135 2740 gerendae
1155 2651 1273 2716 metus
1295 2663 1410 2742 ange-

90 2765 163 2839 bat
220 2765 402 2866 Siquidem
421 2783 555 2868 praeter
572 2791 763 2841 commune
777 2767 1044 2868 provocationis
1069 2763 1131 2862 jus
1147 2763 1276 2862 impari
1301 2787 1411 2840 manu

90 2911 128 2961 se
145 2887 348 2964 lacessitum
362 2889 542 2983 credebat,
560 2889 661 2990 quod
676 2889 775 2965 solus
790 2889 983 2964 adversum
990 2910 1124 2961 novem
1139 2909 1301 2988 pugnam
1314 2908 1409 2986 spo-

91 3009 263 3110 pondisse
277 3011 464 3089 videretur.
527 3017 614 3086 Haec
631 3011 832 3089 volventem
852 3035 984 3110 sponsa
1000 3007 1134 3082 auxilio
1147 3033 1242 3108 opus
1257 3006 1411 3083 babitu-

90 3159 174 3208 rum
190 3133 306 3229 docet,
332 3135 719 3238 hortaturque‚pugna
738 3135 924 3225 abstineat,
950 3158 1025 3232 qua
1050 3129 1282 3230 nihilpra’ter
1304 3155 1410 3208 mor-

91 3273 163 3331 tem
189 3275 253 3333 aut
276 3261 505 3361 ignominiam
529 3263 706 3360 petiturus
730 3257 913 3350 videatur,
937 3257 1136 3357 praesertim
1158 3265 1240 3330 cum
1271 3277 1410 3348 eorum,
1476 3276 1479 3284 ⁴

91 3379 284 3455 adversum
309 3407 403 3481 quos
434 3381 666 3457 dimicaturus
694 3395 803 3474 esset,
845 3403 1036 3454 numerum
1068 3375 1168 3451 nulla
1200 3375 1410 3454 definitionis

89 3502 302 3578 certitudine
316 3503 517 3600 clausisset;
533 3505 773 3604 quamobrem
789 3501 953 3606 periculo
967 3517 1103 3602 parcat,
1121 3499 1411 3576 Staroatherum-

90 3651 164 3726 que
178 3625 281 3725 apud
296 3629 452 3702 Sreones
466 3645 629 3729 agentem
645 3629 751 3704 saluti
768 3626 996 3702 consulturus
1013 3624 1290 3724 exposcat,·qui
1310 3621 1410 3696 indi·

90 3749 258 3849 gentibus
283 3749 409 3824 adesse
427 3767 463 3823 et
494 3753 609 3826 tristes
625 3749 841 3852 plerumque
860 3771 963 3824 casus
985 3747 1292 3823 feliciinterventu
1307 3745 1411 3820 redi·-

72 3897 191 3948 mere
205 3871 329 3948 soleat
396 3873 547 3946 Gratum
563 3872 717 3975 Helgoni
739 3873 929 3949 consilium
951 3871 1028 3947 fuit.
1081 3874 1150 3966 Qui
1169 3893 1296 3968 quum,
1316 3891 1410 3966 par-

92 3993 179 4070 vulo
193 3999 365 4072 comitatu
386 4010 550 4095 sumpto,
573 3998 728 4073 Svetiam
751 4001 953 4100 ingressus,
978 3993 1027 4068 ad
1052 3993 1310 4068 nobilissimam
1331 3991 1410 4090 ejus

138 4275 315 4337 'laceratis
336 4275 423 4336 molis
444 4269 580 4353 aalma]
601 4271 720 4357 septu·
780 4273 867 4339 deret
880 4273 1019 4338 stianit
1041 4291 1092 4336 aaa
1112 4269 1180 4334 hoie
1200 4263 1409 4352 iforgyldtne

91 4376 123 4440 in
137 4377 270 4463 autiqnis
283 4378 442 4442 cantilenis
466 4367 590 4442 Daniele
612 4377 720 4442 similis
780 4381 856 4444 Rea.

91 4483 124 4546 ic
146 4495 299 4570 apparata
322 4487 423 4550 navali
442 4484 558 4550 lmnria
574 4482 721 4547 deacribi-
826 4480 1033 4568 ²Augatcrar]
1047 4485 1095 4546 De
1109 4477 1409 4566 illobnmnovid.

91 4599 153 4668 tor,
167 4609 197 4654 r.
213 4608 241 4652 c.
252 4591 375 4656 Dansbe
394 4593 485 4663 Viaer
500 4590 550 4656 fra
560 4587 720 4655 Middelal·
780 4601 846 4654 not
869 4589 954 4652 uber.

92 4693 187 4762 deren
207 4693 282 4761 21).
294 4700 326 4763 s.
346 4697 404 4764 ta:
424 4702 482 4763 saa
503 4696 599 4762 raude
618 4695 658 4762 de
676 4715 720 4781 op
829 4699 842 4736 ³
862 4689 1116 4784 confundebatur]
1140 4694 1213 4756 lico
1233 4702 1294 4756 cet:
1322 4691 1410 4777 igno-

781 4801 873 4866 minia
886 4799 1091 4868 efficiebatur.
1277 4829 1280 4834 ·

1016 4950 1020 4960 ·
1115 4903 1215 4998 (ἴθ’)
1355 4930 1358 4938 ’
