3446 5458
359 300 434 372 216
710 293 885 368 HISTOR.
902 295 1009 370 DAN.
1022 297 1161 373 LIBER
1177 298 1219 372 V.

314 511 384 604 Qui
405 504 615 585 fortitudinis
642 504 806 580 columen
827 529 906 582 esse
925 503 1120 601 debueras,
1144 507 1281 582 enervis
1307 509 1413 582 animi
1440 512 1606 610 specimen

314 630 521 706 exhibebis?
541 627 744 702 Fortissimo
762 644 907 728 parente
924 627 1048 725 editus,
1071 629 1207 704 ultimae
1219 627 1461 706 imbecillitatis
1475 649 1607 732 specta·

316 753 437 830 culum
459 753 584 828 dabis?
613 750 706 824 Sica
729 751 929 850 majoribus
959 749 1196 852 discrepabis,
1232 767 1270 827 ut
1302 752 1458 831 foeminis
1483 751 1610 828 mollior

315 877 404 953 fias?
435 875 594 952 Necdum
617 868 819 946 adolescere
837 876 976 971 coepisti
1007 889 1041 948 et
1064 877 1139 974 jam
1162 892 1196 950 te
1217 877 1298 950 vitae
1332 877 1471 952 satietas
1506 875 1608 974 cepit?

316 1001 403 1095 Quis
426 999 519 1075 hane
534 997 633 1096 prior
644 997 833 1094 imaginem
847 995 1024 1096 praebuitl
1056 996 1246 1084 Clarissimi
1273 1003 1329 1076 avi
1346 1023 1470 1098 nepos,
1495 998 1610 1071 invicto

316 1139 417 1222 patre
432 1121 558 1212 editus,
576 1117 690 1191 levem
709 1122 966 1192 contrariorum
981 1143 1107 1193 auram
1120 1121 1257 1219 perpeti
1284 1145 1358 1194 non
1380 1117 1535 1194 valebitl
1556 1122 1611 1192 ln·-

316 1242 419 1319 doles
431 1260 493 1320 tua
508 1250 609 1320 avitae
626 1245 760 1318 virtutis
774 1241 938 1315 habitum
952 1257 1188 1338 repraesentat.
1236 1243 1420 1316 Anemiue
1436 1243 1547 1316 vietm
1564 1263 1611 1334 οὓς

316 1382 378 1439 tua
394 1366 455 1440 tibi
470 1365 588 1442 solum
609 1369 746 1440 incuria
763 1367 893 1440 nocuit.
957 1361 1119 1438 Pericula
1142 1387 1208 1462 per
1227 1389 1293 1440 nos
1317 1378 1438 1442 erutus
1457 1388 1518 1458 es,
1550 1385 1612 1435 nou

315 1488 496 1563 subactus.
533 1491 728 1563 Amicitiam
745 1489 883 1588 injmiae
902 1483 1106 1584 deputabis,
1126 1484 1251 1560 odium
1274 1513 1342 1587 pro
1359 1488 1470 1588 gratia
1488 1482 1612 1558 relatu-

316 1614 401 1686 rus?
428 1611 614 1714 Obsequio
640 1611 771 1712 placari
804 1608 994 1701 debueras,
1019 1633 1092 1682 non
1110 1610 1257 1684 moveri.
1307 1613 1500 1710 Nunquam
1522 1623 1556 1680 te
1573 1603 1613 1678 dii

319 1759 364 1808 eo
385 1733 513 1808 furoris
530 1735 699 1810 excedere
718 1732 841 1826 velint,
865 1748 904 1806 ut
927 1747 1151 1806 servatorem·
1167 1729 1376 1807 insidiatoris
1397 1730 1478 1806 loco
1504 1745 1614 1802 noum

319 1857 501 1930 sustineas
544 1861 598 1928 An
613 1882 658 1930 eo
675 1857 735 1930 tibi
753 1857 805 1929 rei
828 1856 971 1958 erimus,
993 1879 1068 1954 quo
1083 1851 1233 1928 benefici
1253 1880 1388 1948 sumus,
1407 1845 1613 1956 indignatio-

318 2003 403 2052 nem
419 1978 539 2052 officiis
561 1981 794 2053 contracturil
818 1976 1015 2076 Reputabis
1029 1975 1188 2068 bostem,
1210 1977 1270 2050 cui
1293 1975 1414 2052 salutis
1435 1994 1508 2052 tuae
1524 1999 1614 2076 prac-

321 2103 432 2173 mium
446 2098 580 2174 debes?
595 2105 720 2201 Neque
736 2101 830 2202 enim
844 2117 877 2174 te
892 2099 1046 2173 liberum
1062 2083 1331 2198 captivavimus,
1352 2098 1418 2174 sed
1433 2126 1504 2200 ope
1525 2124 1616 2199 pras-

321 2225 483 2298 venimus
503 2222 733 2298 laborantem.
785 2229 830 2297 Et
850 2249 931 2297 ecce
946 2247 1082 2324 gazam,
1103 2244 1204 2320 opes,
1229 2221 1482 2321 supellectilem
1501 2219 1616 2296 reddo

320 2348 428 2418 Soror
449 2361 508 2419 tua
523 2351 550 2418 si
566 2343 649 2418 mibi
665 2362 796 2420 temere
814 2346 1029 2446 desponsata
1048 2344 1224 2440 creditur,
1245 2351 1300 2419 cui
1324 2345 1534 2436 decreveris,
1549 2369 1616 2414 nu-

319 2466 400 2564 bat;
426 2473 608 2543 enimvero
630 2469 757 2542 intaota
769 2467 819 2540 illi
844 2466 1014 2566 pudicitia
1029 2487 1155 2544 manet
1208 2473 1385 2542 Caeterum
1404 2465 1552 2540 militare
1573 2464 1616 2538 ti-

319 2591 377 2686 bi,
408 2595 438 2665 si
460 2593 716 2690 acceptaveris,
739 2590 834 2665 volo.
887 2595 984 2666 Cave
997 2617 1044 2665 ne
1066 2591 1132 2665 abs
1157 2617 1196 2664 re
1211 2593 1263 2664 ira
1286 2594 1444 2665 annuum
1460 2591 1617 2664 abstines

321 2712 426 2787 Nulla
448 2733 482 2788 te
503 2739 621 2787 rerum
642 2714 782 2812 jactura
796 2719 981 2788 concussit.
1037 2712 1131 2788 Nihil
1157 2712 1309 2787 libertati
1331 2729 1403 2788 tuae
1433 2712 1617 2790 deu-actum

320 2851 381 2909 est.
435 2836 702 2935 Obsequentem
721 2861 780 2909 me
794 2834 869 2928 tibi,
887 2863 959 2910 non
975 2843 1206 2935 imperantem
1224 2861 1405 2938 agnosces.
1452 2835 1616 2930 Qualem·

320 2981 464 3056 cunque
486 2957 667 3056 decapite
689 2983 771 3032 meo
801 2962 1011 3032 seutentiam
1030 2957 1239 3052 decreveris,
1263 2957 1473 3056 comprobo.
1528 2955 1616 3030 Idem

321 3099 354 3154 te
368 3079 438 3174 bic,
463 3082 565 3180 quod
587 3084 622 3153 iu
639 3083 746 3180 regia,
760 3105 867 3178 posse
889 3081 1040 3155 confide.
1097 3081 1262 3154 Eandem
1278 3079 1347 3172 hic,
1377 3105 1488 3180 quam
1500 3083 1534 3153 in
1552 3105 1617 3151 nu-

321 3202 368 3297 la,
393 3202 612 3300 imperitandi
632 3203 827 3302 potentiam
843 3219 951 3278 tenes
979 3207 1058 3278 Hoc
1078 3204 1125 3277 de
1148 3204 1252 3278 nobis
1276 3205 1313 3276 in
1335 3203 1435 3296 loco,
1455 3199 1618 3302 quicquid

321 3323 420 3424 apud
456 3331 588 3426 regiam
618 3324 825 3425 placuisset,
856 3331 1000 3401 institue.
1064 3327 1170 3400 Proui
1196 3324 1242 3398 ad
1271 3326 1472 3425 parendum
1494 3347 1618 3402 sumus

319 3451 496 3522 Hactenus
515 3451 651 3522 Ericus.
935 3536 937 3542 ,

449 3574 492 3642 At
509 3594 627 3669 regem
642 3570 722 3646 haec
740 3591 812 3644 tam
827 3575 861 3644 in
888 3595 928 3644 se
952 3595 1062 3668 quam
1079 3571 1114 3642 in
1141 3567 1277 3642 bostem
1295 3571 1521 3647 mausvesecit
1535 3593 1614 3642 ora-

320 3691 379 3762 tio.
425 3692 581 3785 Deinde,
627 3695 831 3789 compositis
840 3695 1045 3792 pacatisque
1070 3692 1255 3786 omuibus,
1288 3693 1424 3766 reditur
1455 3700 1489 3766 in
1520 3693 1615 3767 littus

320 3814 396 3886 Rex
411 3817 553 3887 Ericum
569 3839 611 3889 ac
628 3816 788 3888 nauticos
811 3815 980 3890 vehiculis
999 3817 1110 3914 excipi
1123 3816 1238 3914 jubet.
1295 3823 1340 3890 At
1357 3816 1420 3890 ubi
1441 3822 1476 3889 in
1491 3819 1615 3916 regiam

321 3952 375 4010 est
388 3953 549 4028 ventum,
582 3939 790 4010 concionem
818 3937 986 4012 advocari
1006 3937 1107 4029 facit,
1141 3941 1177 4010 in
1201 3963 1310 4036 quam
1326 3946 1496 4014 accersito
1520 3939 1614 4010 Erico

321 4058 392 4132 sub
415 4057 636 4160 sponsalium
659 4058 732 4133 fide
750 4083 911 4134 sororem
930 4079 965 4135 et
988 4063 1294 4134 centurionatum¹
1324 4061 1432 4137 dedit
1493 4059 1615 4159 Adjccit

367 4324 642 4411 'CenturionmwnJ
653 4329 752 4392 butor
767 4341 871 4395 noster
883 4330 944 4397 boe
1001 4342 1065 4422 teus
1080 4329 1154 4411 (vid.
1168 4331 1237 4395 lbre
1254 4333 1387 4396 Glossar.
1398 4331 1456 4396 sub
1470 4351 1542 4398 roae
1553 4333 1612 4394 Hc

321 4435 392 4500 ioco
425 4435 544 4498 videtur
581 4433 762 4504 vocabulum
794 4439 944 4502 Dacicum
1003 4439 1080 4512 rad,·
1108 4438 1271 4508 Velscbovv
1291 4437 1551 4504 commentationis
1578 4431 1609 4494 dt
1701 4427 1702 4510 i

322 4542 424 4604 barad
442 4537 517 4620 (reo.
540 4540 672 4622 Herred)
695 4541 863 4625 exprimere
889 4565 944 4610 vo·
1001 4544 1148 4608 institutis
1175 4542 1357 4608 militaribus
1388 4549 1609 4610 Danorumrs·
1701 4527 1702 4614 i

322 4644 422 4708 luisse.
461 4645 540 4709 Satis
572 4646 652 4708 'enim
681 4660 818 4726 constat,
842 4652 945 4714 hurd
1001 4663 1114 4735 gnante
1128 4647 1605 4736 waldemaroseeundorprim

322 4749 398 4814 olim
410 4747 490 4814 idem
501 4750 683 4836 significasse
696 4771 731 4815 ac
746 4756 885 4830 lmdari,
908 4757 941 4821 id
1001 4756 1131 4822 navaie
1146 4754 1236 4839 1831,
1249 4781 1282 4846 p.
1294 4755 1335 4826 31
1350 4757 1449 4844 aequ)

323 4867 380 4932 est,
392 4867 523 4918 tractum
536 4867 656 4918 centum
667 4857 940 4924 militescontinen·

457 4964 470 4998 Ι
