3476 5460
384 333 459 408 cto
727 335 902 472 prsron.
918 335 1024 406 nan.
1039 281 1175 406 anan
1191 335 1250 404 tx.

334 543 430 620 bella
447 541 612 618 civilibus
636 542 879 642 praeferendo,
899 545 1147 644 quinquennio
1175 539 1346 644 periculis
1370 548 1495 640 patriae
1515 541 1644 616 defen·

335 671 475 742 sionem
489 690 592 738 suam
607 689 791 763 opponere
805 669 1054 766 perseverarit.
1111 665 1341 768 Elegitcnim
1360 665 1493 741 vulnus
1509 665 1647 739 tolera·

337 817 377 864 re
393 789 640 879 domesticum,
666 815 742 886 quo
757 792 958 888 promptius
982 802 1122 862 sanaret
1138 803 1334 862 externum.
1401 787 1646 882 Quamobrem

339 915 468 1012 Ringo,
490 909 740 986 dominationis
763 915 844 1013 ejus
858 913 1045 986 occasione
1061 913 1266 1010 suscepta¹,
1281 915 1488 986 universum
1508 911 1647 1009 imperii

339 1037 397 1134 jus
426 1037 462 1106 iu
488 1034 646 1129 seipsum
667 1035 858 1109 transferre
888 1049 1058 1127 conatus,
1091 1033 1179 1108 foris
1215 1031 1386 1108 excubias
1416 1045 1646 1130 peragentem

338 1163 431 1230 intus
447 1155 605 1230 lacerare
620 1160 792 1232 sustinuit.
851 1158 1056 1232 Provincias
1071 1154 1261 1255 siquidem,
1285 1181 1369 1255 quae
1392 1154 1535 1252 abipso
1560 1177 1645 1252 pos-

339 1278 555 1366 sidebantur,
570 1277 741 1354 invadens
772 1285 971 1354 communis
985 1281 1107 1379 patriae
1124 1277 1367 1352 defensionem
1382 1279 1518 1377 ingrata
1543 1301 1646 1350 men-

341 1419 375 1476 te
389 1401 574 1500 pensabat.
639 1404 750 1500 igitur
771 1427 813 1476 ex
837 1400 1042 1475 sialandicis
1067 1399 1215 1502 quidam
1236 1397 1385 1500 Syvardi
1408 1397 1645 1486 studiosiores,

341 1551 417 1624 quo
443 1526 669 1600 sinceriorem
687 1523 824 1600 absenti
847 1523 957 1600 fidem
984 1541 1167 1624 germunt,
1199 1521 1314 1598 lilium
1340 1523 1421 1621 ejus
1444 1525 1644 1621 Regnemm

341 1645 489 1722 vixdum
514 1625 613 1720 cuuis
642 1663 781 1721 erutum
796 1653 890 1748 regis
912 1649 1057 1720 nomine
1073 1661 1296 1736 censuerunt,
1320 1669 1393 1718 nou
1412 1643 1513 1744 quod
1528 1651 1643 1744 ipsum

341 1771 504 1869 regimini
521 1772 808 1866 intempestivum
826 1777 1012 1863 nescirent,
1037 1767 1101 1842 sed
1116 1783 1155 1842 ut
1170 1771 1256 1842 tanti
1272 1770 1430 1868 pignoris
1445 1767 1558 1842 ductu
1579 1765 1643 1840 ad-

342 1916 488 1966 versum
503 1891 702 1990 Riugonenx
718 1896 934 1992 torpentium
951 1897 1133 1968 sociorum
1150 1899 1289 1966 animos
1311 1895 1509 1964 excitarent
1571 1895 1643 1962 Au-

343 2013 444 2089 diens
459 2029 576 2086 autem
593 2016 726 2114 Riugo,
743 2016 944 2116 Syrardum
962 2019 1099 2090 iuterim
1118 2015 1166 2088 ab
1189 2013 1413 2116 expeditione
1436 2037 1642 2116 regnessum,

344 2131 590 2210 sialandenses
603 2161 733 2237 magna
750 2163 859 2211 manu
880 2141 1023 2238 petitos,
1049 2141 1085 2210 ui
1102 2161 1140 2210 se
1153 2135 1335 2230 dederent,
1363 2135 1458 2210 ferro
1475 2137 1642 2236 perituros

343 2257 459 2333 edixit.
512 2265 556 2332 At
574 2259 778 2356 Sialandici,
798 2261 932 2359 quibus
954 2278 1015 2334 aut
1039 2261 1155 2334 rubor
1179 2276 1241 2332 aut
1266 2258 1467 2360 periculum
1490 2264 1640 2360 impera·

342 2383 461 2474 batur,¹
486 2383 625 2456 viribus
642 2383 691 2454 ob
709 2385 920 2483 paucitatem
941 2381 1043 2456 diffisi
1066 2379 1308 2456 deliberandas
1324 2383 1376 2455 rei
1394 2381 1556 2458 inducias
1572 2409 1638 2484 pc

343 2522 546 2606 posccruut.
599 2507 745 2599 Quibus
761 2508 963 2607 impetratis,
988 2531 1103 2606 quum
1118 2529 1183 2577 nec
1200 2503 1349 2605 Syvardl
1366 2511 1516 2608 gratiam
1532 2505 1639 2580 colere

343 2625 497 2700 liberum
515 2651 583 2701 nec
599 2627 770 2730 Riugonis
786 2613 952 2730 amplecti
969 2627 1149 2703 videretur
1169 2625 1369 2722 honestum,
1385 2628 1448 2702 diu
1464 2634 1551 2703 inter
1565 2653 1638 2702 me-

333 2751 419 2822 'tum
434 2749 686 2850 pudoremque
703 2751 827 2826 soliciti
840 2752 1075 2853 jactabantur.
1141 2753 1220 2844 Qua
1240 2753 1274 2822 in
1292 2777 1331 2824 re
1344 2777 1390 2824 nc
1405 2753 1548 2828 senibus
1562 2755 1638 2854 qui-

345 2871 426 2944 dem
445 2871 593 2946 consilio
609 2891 841 2974 suppetente,
866 2877 1061 2974 Regncrus,
1091 2891 1174 2948 tunc
1196 2872 1289 2946 forte
1308 2876 1468 2946 concioni
1485 2899 1637 2976 praesens,

345 2997 479 3083 Brevis,
493 2997 619 3092 iuquit,
635 3021 740 3070 arcus
756 2997 875 3070 subito
892 2997 1071 3095 spiculum
1080 2999 1171 3097 jacit.
1205 2999 1285 3098 Ego
1295 3023 1392 3087 vcro,
1406 3004 1539 3072 tametsi
1550 3023 1636 3098 pue-

345 3115 399 3190 rili
424 3141 514 3190 ausu
537 3119 716 3216 majorum
740 3145 804 3192 ora
820 3143 1043 3218 praecurrere
1064 3117 1206 3214 ridear,
1236 3121 1496 3220 ignoscendum
1528 3126 1637 3194 erratis
1715 3105 1716 3131 .

346 3239 558 3337 veniamque
574 3247 757 3315 immature
782 3243 885 3316 editis
909 3267 1050 3342 precor.
1118 3243 1252 3315 Verum
1274 3241 1475 3342 prudentiae
1490 3249 1635 3328 monitor,

346 3363 484 3436 tametsi
500 3361 727 3464 despicabilis
744 3366 917 3458 videatur,
934 3364 1156 3464 respuendus
1173 3391 1245 3440 nou
1261 3381 1323 3440 cst.
1383 3367 1497 3442 Docili
1517 3371 1637 3468 quippe

345 3489 464 3559 animo
480 3487 656 3562 sorbenda
677 3505 730 3564 est
748 3489 887 3562 utilium
904 3487 1099 3590 disciplina.
1160 3493 1205 3560 At
1222 3491 1406 3587 quoniam,
1432 3507 1472 3564 ut
1487 3490 1634 3565 deserto·
1714 3519 1715 3562 r

345 3633 460 3683 resae
478 3609 679 3710 transfugas
697 3619 811 3686 notari
830 3628 946 3710 turpe,
962 3613 1008 3684 ita
1023 3636 1133 3712 supra
1157 3613 1249 3684 vires
1273 3607 1407 3684 audere
1429 3615 1633 3688 temerarium

345 3747 415 3824 est,
439 3749 473 3806 et
487 3733 680 3834 utrobique
705 3759 773 3832 par
787 3735 893 3834 culpa
907 3733 1056 3809 subesse
1073 3733 1311 3824 convincitur,
1346 3735 1509 3809 simulata
1522 3737 1634 3809 transi-

345 3857 438 3929 tione
453 3855 628 3954 petendus
646 3871 696 3927 cst
711 3855 842 3946 hostis,
861 3857 1039 3959 idemque,
1055 3883 1167 3957 quum
1193 3860 1350 3952 primum
1371 3851 1518 3932 facultas
1532 3857 1633 3930 obve-

346 3979 444 4069 nexit,
470 3995 673 4076 opportuna
693 3977 891 4054 desertione
904 3980 1131 4081 linquendus.
1192 3981 1306 4050 Satius
1321 4001 1407 4078 ergo
1430 3984 1496 4054 erit
1517 3979 1633 4053 adrer-

346 4102 429 4174 sarii
443 4101 533 4172 iram
550 4101 713 4202 obsequii
733 4101 903 4202 figmento
917 4129 1154 4204 praecurrerc,
1173 4125 1285 4198 quam
1300 4101 1485 4200 negatione
1498 4099 1630 4176 eundem

346 4227 381 4295 in
403 4225 642 4324 nosmetipsos
664 4228 778 4300 acrius
800 4225 1026 4300 incessendos
1058 4251 1203 4299 armare.
1263 4222 1358 4316 Quid
1381 4228 1475 4300 enim
1499 4227 1629 4301 furtiuis

345 4347 535 4444 imperium
559 4347 792 4426 detrectantes
817 4355 974 4450 agimus,
1008 4352 1073 4424 nisi
1105 4348 1207 4448 quod
1231 4350 1298 4448 ipsi
1323 4349 1360 4422 in
1381 4349 1547 4448 jugulum
1568 4373 1627 4420 no·

392 4619 635 4678 ¹Dumiucttbnis
663 4617 725 4697 ejus
747 4621 895 4679 occcst'onc
919 4643 966 4679 su·
1027 4613 1171 4676 excidisse
1200 4613 1329 4676 videtur.
1385 4616 1560 4700 stephanius
1581 4629 1626 4693 pru

344 4719 458 4808 scepta]
492 4725 569 4783 Post
609 4719 703 4784 verba
760 4723 968 4786 dominationis
1026 4724 1232 4784 damnatione
1255 4721 1359 4804 posuit
1385 4721 1563 4786 domuitionis
1580 4715 1625 4776 bt·

344 4827 408 4902 cjrtt
430 4828 471 4902 (ῦς
494 4825 628 4906 Sitarth')
641 4851 709 4902 vox,
732 4847 760 4890 v.
780 4847 806 4891 c.
831 4832 966 4916 cupidus,
1027 4825 1288 4913 peregrinationis.
