3476 5460
413 307 490 426 tot
741 287 1190 384 tauromenitanae
1214 311 1272 384 tx.

1698 429 1700 486 l

363 523 451 620 gris
508 513 647 594 Exinde
661 517 792 592 Bidmo
813 531 922 616 atque
946 521 1050 606 Erioo
1076 516 1226 598 domum
1249 522 1433 610 memsis¹,
1452 521 1559 594 lrams
1576 537 1622 594 at-

363 667 438 742 que
459 641 659 742 Syrardus,
682 663 757 738 quo
780 642 973 716 tenaciores
996 639 1194 718 rebellibus
1218 641 1338 716 frenos
1357 646 1576 739 imponerent,
1596 644 1621 714 in

363 765 478 840 Deoia
501 761 723 852 medemur,
744 766 946 862 ignarum²
971 760 1106 862 Anglioe
1129 761 1369 860 proferentes
1425 766 1491 856 Qui
1509 764 1622 863 repulsa

363 883 795 988 provocatusdnglorum‚
810 883 1003 983 opitulante
1018 877 1176 977 suardo,
1192 893 1480 986 contemptricem
1494 888 1540 962 sui
1553 911 1619 985 pro·

364 1010 517 1086 vinciam
538 1007 662 1084 ineolis
676 990 955 1083 uacuefaciendo
977 1009 1110 1080 tenacia
1136 1011 1206 1082 situ
1222 1009 1349 1108 jugera
1369 1007 1500 1086 cultum
1521 1033 1621 1094 esrem,

363 1155 474 1232 quem
493 1129 701 1206 insolentem
715 1128 809 1204 alere
825 1128 959 1214 maluit,
978 1131 1283 1230 piogvissimeque
1301 1129 1425 1204 insule
1444 1155 1520 1204 rura
1539 1146 1621 1204 teter-

364 1256 456 1331 rima
471 1253 627 1328 vastitate
639 1251 877 1352 perfundens,
900 1250 1050 1327 desertae
1074 1277 1184 1348 quam
1201 1255 1370 1352 superbie
1386 1254 1514 1354 reffl'oni
1531 1253 1620 1348 inpe-

364 1383 469 1454 reare
481 1377 589 1452 nous
604 1377 806 1452 autumavit.
867 1377 951 1448 Post
973 1370 1053 1448 haee
1075 1376 1241 1449 Erieum³
1261 1375 1361 1474 apud
1379 1376 1521 1448 Svetiam
1535 1377 1620 1445 Oemi

364 1496 553 1598 eujusdam
577 1497 787 1598 malignitate
802 1481 985 1572 sublatum
1003 1495 1123 1572 uleisei
1145 1499 1314 1595 cupiens.
1335 1497 1422 1572 dum
1438 1496 1548 1570 aliena
1561 1495 1621 1568 ria-

363 1620 467 1696 dictte
482 1621 613 1696 aretine
631 1619 815 1712 incumbit,
831 1643 939 1694 suum
961 1615 1054 1694 besti
1081 1621 1288 1718 sanguinem
1309 1621 1479 1717 erogavit,
1498 1616 1622 1712 dumque

364 1747 444 1818 eoesi
464 1739 581 1818 ΐιιιιίι
596 1765 724 1840 poeoas
739 1739 878 1817 aridius
894 1741 1043 1840 expetit,
1066 1745 1255 1840 proprium
1270 1741 1433 1818 fratemre
1448 1742 1564 1816 cariati
1576 1738 1622 1810 lu·

365 1893 434 1946 nus
453 1861 635 1966 impendit.

495 1992 621 2088 ltaque
640 1981 810 2060 siverdus
825 1991 972 2060 summis
998 1991 1103 2064 totins
1126 1988 1271 2064 Danieae
1293 1989 1469 2064 eoneionis
1488 1983 1622 2080 suffugit

365 2127 556 2214 patermmr
569 2105 806 2207 apprehendit
819 2109 1043 2208 imperium⁴.
1116 2111 1190 2184 Hie
1208 2126 1326 2187 eutem
1352 2125 1438 2208 post
1460 2107 1558 2182 editas
1574 2103 1623 2176 late

364 2251 501 2334 etr-ages
526 2230 717 2306 domestica
736 2229 891 2304 claritate
916 2245 1122 2323 contentus,
1146 2247 1229 2332 toga
1254 2257 1364 2332 quam
1392 2237 1496 2308 armis
1515 2225 1623 2302 tunm
1699 2287 1700 2320 .

364 2355 491 2434 habeti
508 2353 649 2448 maloit;
674 2359 880 2453 omissoque
903 2371 1104 2428 castrorum
1117 2351 1235 2446 eultu,
1259 2382 1304 2430 ex
1325 2357 1495 2430 acerrimo
1507 2367 1622 2449 panno

364 2480 625 2556 amatissimum
638 2480 742 2574 paeis
757 2474 944 2582 custodem
959 2501 1067 2576 agere
1084 2483 1212 2574 eoepit,
1235 2493 1373 2552 tantum
1389 2477 1521 2552 deeoris
1535 2479 1563 2546 in
1573 2471 1622 2544 otio

365 2617 473 2700 atque
486 2601 666 2675 vaeadone
681 2603 907 2688 constituens,
922 2615 1096 2698 quantum
1109 2615 1188 2674 ante
1197 2603 1233 2673 in
1247 2603 1474 2676 victoriarum
1488 2597 1623 2693 frequen·

364 2726 414 2800 tia
431 2726 627 2822 repositum
640 2720 854 2796 autumabat.
919 2720 1020 2796 Adeo
1041 2738 1158 2800 autem
1172 2720 1372 2798 studiorum
1390 2725 1469 2822 ejus
1489 2717 1622 2792 mutatio·

364 2871 447 2920 nem
467 2845 611 2960 fortuna
631 2841 871 2918 favorabiliter
878 2860 1080 2941 prosecuta
1101 2859 1171 2938 est,
1202 2860 1253 2938 ut,
1267 2849 1359 2920 sieut
1382 2850 1457 2957 ipse
1475 2844 1624 2920 neminem,

364 2973 411 3042 ita
426 2989 493 3041 nee
514 2969 633 3066 ipsum
650 2967 842 3064 quisquam
863 2965 1034 3041 hostiliter
1054 2965 1233 3040 laceraret
1303 2967 1405 3040 Idem
1429 2967 1501 3041 sato
1520 2961 1623 3036 sunaus

364 3093 507 3164 Erieum
523 3085 718 3164 admodum
735 3085 947 3162 infantulum
961 3106 1098 3162 naturae
1116 3094 1229 3188 magis
1247 3111 1357 3188 quam
1372 3089 1472 3190 regni
1489 3099 1543 3158 aut
1554 3079 1623 3180 pao's

363 3211 544 3286 lraerodem
567 3210 704 3322 habuit.
770 3214 914 3312 Quippe
935 3214 1078 3304 Erieus,
1092 3211 1240 3286 Haraldi
1265 3211 1411 3306 srater³,
1440 3211 1623 3286 tenerrimam
1698 3253 1699 3272 ι

412 3490 535 3548 mismo
557 3529 584 3547 ..
598 3487 711 3548 domim
726 3481 859 3566 reverse]
874 3489 921 3549 De
935 3505 983 3548 re·
1041 3487 1174 3571 Regoeri
1189 3497 1221 3548 et
1235 3486 1347 3548 Therae
1361 3483 1451 3562 iilius,
1464 3471 1624 3544 oemhuitdi·

366 3591 422 3654 bne
436 3612 452 3653 a
468 3589 585 3654 Biorno
601 3592 692 3676 gestit
710 3591 772 3658 rid.
785 3605 850 3654 not.
863 3592 914 3654 ub.
1043 3594 1123 3656 utine
1142 3605 1212 3654 ante
1227 3589 1344 3654 obitum
1362 3590 1467 3676 patris,
1486 3581 1577 3650 mortis
1590 3595 1625 3662 gt·

411 3693 596 3782 ’Agnererrd
617 3701 708 3761 Hune
736 3701 889 3780 agnetam
912 3697 986 3764 seri·
1042 3720 1125 3778 nere,
1145 3695 1228 3784 qnod
1243 3697 1318 3782 ipse,
1338 3697 1372 3757 in
1394 3694 1501 3780 prelio
1519 3711 1575 3756 eum
1587 3685 1624 3746 Ei·

367 3817 471 3890 ptores
485 3801 607 3888 Angliei
622 3803 746 3864 omnino
760 3804 912 3886 ignorant:
944 3808 986 3866 Is·
1043 3805 1142 3868 steino
1158 3802 1287 3885 (Oeteno
1302 3802 1445 3884 Saxonis)
1456 3799 1527 3863 inito
1539 3803 1627 3878 captet

366 3909 448 3973 landi
461 3929 530 3972 eum
545 3919 576 3970 et
591 3908 715 3970 Erienrn
738 3929 755 3971 e
775 3909 897 3986 Tiora,
923 3909 986 3994 pri-
1041 3910 1100 3974 eibi
1115 3910 1262 3994 elegisset.
1283 3905 1444 3984 (Foruald.
1457 3909 1522 3990 sig.
1536 3907 1552 3966 Ι.
1565 3898 1613 3974 eit)

365 4039 414 4080 ma
437 4014 570 4102 Regnerl
602 4033 710 4094 uxore,
743 4027 831 4079 natos
854 4035 918 4078 esse
944 4015 988 4076 di·
1087 4018 1302 4079 ⁴St'verdtts..
1334 4012 1556 4103 apprehendi't
1542 4037 1549 4072 ι
1550 4010 1628 4094 arripe·

365 4136 448 4187 eunt.
500 4127 668 4208 Utrumque
695 4121 861 4186 fratrem
850 4143 882 4184 ιιι
903 4121 986 4184 bello
1045 4120 1212 4201 umlPauea
1214 4141 1304 4206 ‚quse
1318 4119 1356 4182 de
1369 4118 1496 4185 Sirardo
1510 4121 1627 4186 mutuat,
1697 4111 1698 4186 l

366 4249 435 4293 enm
447 4230 599 4310 Eisteino‚
621 4251 695 4314 rege
708 4229 860 4308 Sreeiae
871 4227 986 4294 vietum
1042 4236 1074 4295 in
1087 4229 1168 4294 notis
1185 4226 1375 4291 uberioribus
1390 4227 1545 4290 attulimus.

365 4335 488 4401 vivente
501 4338 645 4420 Regnare
661 4335 834 4402 oeeubnisse
852 4347 986 4398 namant.
1065 4413 1072 4428 .
1089 4339 1241 4407 5’1ιίιιιιι,
1266 4337 1401 4398 Harnldi
1415 4329 1527 4421 frater]
1547 4331 1628 4392 Frater

365 4438 986 4526 (Fornetd.seg.v01.1pastaeque)
1044 4459 1154 4526 nempe
1181 4443 1308 4506 Haraldi
1331 4445 1426 4522 fflalr,
1457 4439 1536 4523 eujus
1563 4442 1627 4496 aaut

366 4548 544 4633 Epieodinar
565 4548 701 4634 Regneri
729 4547 866 4634 (stropb.
886 4547 986 4626 xvir)
1044 4550 1155 4611 Noster
1175 4551 1360 4614 mentionem
1381 4549 1501 4614 leserat
1545 4533 1629 4622 Dupll·

366 4657 522 4740 Agaerum
537 4654 575 4720 ab
591 4653 697 4740 Egilio
713 4654 845 4742 quodam
867 4673 986 4742 perena·
1044 4671 1111 4718 eem
1125 4653 1185 4745 boe
1197 4656 1269 4718 loeo
1279 4659 1556 4720 erroremaSaxone
1569 4660 1629 4707 oom-

366 4771 432 4824 tnm
444 4759 586 4826 celebrat.
1045 4761 1177 4840 ιιιίιιιιιιι,
1186 4760 1248 4844 jam
1260 4761 1421 4847 diligenter
1431 4753 1631 4824 notaritGrao·

360 4911 364 4918 ,
412 4865 568 4944 ’Ermuml
592 4869 682 4932 Juxta
712 4863 845 4930 lalandoa
870 4866 988 4943 liniens,
1045 4866 1123 4932 mitta
1138 4864 1185 4945 (in
1203 4868 1284 4932 notis
1307 4865 1477 4933 edidenrtii
1495 4863 1557 4928 birt-
1572 4859 1630 4920 ΒΜ·
