3520 5462
373 339 444 412 1³0
694 329 888 446 'aaron
906 331 1011 402 nm.
1026 331 1165 404 mess
1180 333 1234 404 111.

321 551 439 628 solum
465 549 619 646 primatu
642 542 812 639 ejectum,
845 537 1039 614 sedetiam
1070 541 1266 618 ‹bmestioo
1290 538 1429 617 honore
1453 541 1626 644 cultuque

291 733 294 740 .
320 673 513 775 spoliatum
527 654 825 766 proscribendum
844 663 1036 758 curabant,
1060 673 1172 742 satius
1192 667 1441 756 existimantes,
1457 664 1627 765 probrosi

320 793 482 870 antistitis
495 787 689 889 potentiam
704 784 842 873 subrui,
859 811 970 885 quum
984 789 1143 888 publiooe
1156 787 1337 889 religionis
1352 785 1517 862 habitum
1531 813 1628 889 pro·

318 917 442 1007 sanari,
465 909 584 986 nevel
599 909 679 1006 ipsi,
695 905 812 980 alieno
829 909 976 984 crimine
991 910 1175 1010 implicati,
1201 917 1359 986 insontes
1377 916 1537 986 nocentis
1549 917 1625 986 cri-

319 1041 413 1112 mine
428 1035 648 1136 punirentur.
708 1029 886 1105 Videbant
908 1035 1003 1106 enim
1022 1031 1124 1133 apud
1138 1058 1212 1125 eos,
1237 1055 1332 1132 qnos
1349 1029 1398 1104 ad
1413 1031 1627 1110 deterendos

318 1161 389 1237 sibi
411 1157 600 1232 divinitatis
626 1150 785 1228 honores
808 1151 1000 1244 illexerunt,
1026 1155 1174 1255 vulgato
1199 1155 1347 1253 majoris
1376 1152 1436 1228 dei
1458 1155 1628 1246 ludibrio,

319 1285 536 1381 obsequium
555 1291 773 1372 contemptu,
799 1274 1007 1375 religionem
1031 1279 1169 1352 rubore
1186 1283 1327 1367 mutari,
1352 1301 1454 1351 sacra
1472 1305 1543 1377 pro
1559 1303 1626 1353 sa-

272 1473 275 1482 .
318 1406 463 1504 crilegio
478 1399 574 1491 duci,
587 1413 695 1472 status
711 1395 949 1496 solennesque
968 1402 1178 1476 cerimonias
1197 1389 1391 1499 puerilium
1406 1400 1626 1474 deliramen-

318 1548 435 1602 torum
452 1524 535 1598 loco
553 1519 700 1596 censeri.
749 1521 848 1595 Mors
865 1545 941 1618 pmc
957 1519 1083 1614 oculis,
1102 1539 1220 1596 metus
1241 1529 1277 1594 in
1291 1525 1417 1598 armis¹
1437 1541 1524 1615 erat,
1538 1539 1575 1596 et
1589 1525 1628 1596 in

317 1649 716 1742 omniumcnputunins
732 1644 877 1743 culpam
903 1643 1062 1718 recidere
1083 1661 1241 1743 putares.
1292 1647 1397 1718 Hunc
1422 1650 1555 1745 itaque,
1580 1669 1627 1718 ne

316 1771 501 1874 publicam
515 1765 723 1864 religionem
739 1766 884 1841 exulare
902 1781 1057 1866 cogeret,
1078 1767 1204 1842 exilio²
1225 1767 1450 1859 mulctantes,
1463 1765 1628 1840 Ollerum

317 1892 499 1994 quendam
513 1916 587 1964 non
601 1887 719 1964 solum
734 1896 770 1964 in
792 1893 904 1989 regni,
927 1887 1109 1964 sedetiam
1124 1893 1159 1962 in
1177 1889 1364 1964 divinitatis
1378 1887 1508 1964 insutas
1527 1888 1625 1962 sub-

317 2017 526 2116 rogavere³‚
558 2027 728 2109 tanquam
750 2012 839 2088 deos
863 2037 907 2086 ac
936 2037 1039 2111 reges
1061 2039 1184 2087 creare
1203 2015 1240 2086 in
1258 2039 1364 2110 aequo
1380 2018 1540 2112 positum
1554 2012 1625 2094 ¹so-

317 2153 380 2213 ret.
441 2140 557 2229 Quem
578 2134 663 2208 licet
683 2135 925 2234 perfunctorie
947 2135 1127 2210 flaminem
1141 2139 1372 2227 creavissent,
1405 2137 1546 2235 integro
1558 2159 1626 2208 re-

316 2287 398 2334 rum
411 2259 550 2332 honore
569 2255 764 2348 donabant,
786 2283 836 2332 ne
848 2257 951 2331 alieni
967 2258 1075 2332 officii
1092 2277 1323 2358 procurator,
1355 2257 1422 2332 sed
1443 2256 1624 2356 legitimus
1746 2251 1747 2254 '

316 2381 494 2485 dignitatis
514 2379 760 2454 adverteretur
785 2406 863 2456 esse
892 2405 1090 2456 successor.
1156 2385 1201 2454 Et
1216 2379 1367 2480 nequid
1382 2377 1625 2480 amplitudinis

316 2505 466 2603 deesset,
482 2501 601 2578 Othini
619 2529 768 2603 quoque
786 2509 817 2576 ei
834 2529 966 2582 nomen
987 2507 1193 2602 imponunt,
1227 2501 1399 2576 vocabuli
1420 2502 1546 2581 lurore
1560 2506 1624 2574 in-

317 2627 449 2701 vidiam
461 2627 625 2699 novitatis
642 2625 832 2700 exclusuri.
892 2630 974 2720 Quo
991 2625 1093 2702 denis
1106 2627 1221 2700 lerme
1234 2626 1333 2700 annis
1351 2623 1463 2700 divini
1478 2641 1625 2700 senatus

315 2728 561 2850 magistratum
576 2763 738 2846 gerente,
759 2747 903 2822 tandem
925 2747 1184 2838 Othinus,'diis
1199 2753 1417 2823 atrocitatem
1440 2746 1534 2822 exilii
1546 2754 1621 2820 mi-

314 2870 533 2960 serantibus,
565 2875 649 2942 satis
664 2872 737 2967 jam
764 2895 891 2969 graves
915 2893 1043 2968 poenas
1059 2870 1200 2946 dedisse
1223 2875 1331 2961 visus,
1354 2867 1534 2969 squaloris
1548 2871 1622 2944 de—

315 2995 527 3074 formitatem
544 2994 691 3088 pristino
706 2990 856 3093 fulgoris
872 2993 998 3070 habitu
1015 2998 1239 3090 permutavit.
1299 2996 1380 3066 Jam
1395 2998 1489 3066 enim
1500 3018 1624 3092 snpe-

285 3149 289 3165 ‹
314 3117 418 3189 rioris
434 3111 587 3186 infante
608 3129 729 3186 notam
752 3115 858 3188 medii
875 3117 1046 3214 temporis
1064 3113 1289 3190 intervallum
1303 3115 1478 3190 exederet.
1514 3119 1596 3190 Exti
1617 3165 1624 3174 -

315 3254 390 3311 tere
406 3253 536 3326 tamen,
550 3239 610 3334 qui
627 3237 746 3334 ipsum
760 3237 1016 3336 recuperande
1031 3236 1210 3336 dignitatis
1221 3235 1321 3312 aditu
1336 3237 1522 3340 indignum
1529 3261 1625 3312 een-

314 3376 442 3451 serent,
458 3356 559 3458 quod
581 3362 727 3434 scenicis
741 3359 876 3436 artibus
900 3378 936 3434 et
951 3357 1147 3434 tmultebris
1173 3353 1279 3435 oliicii
1303 3366 1530 3460 susceptione
1557 3375 1623 3434 te·
1746 3421 1747 3424 ,

313 3487 497 3556 terrimum
522 3480 632 3597 divini
655 3485 808 3558 nominis
831 3483 1072 3583 opprobrium
1085 3481 1264 3556 edidisset.
1323 3485 1414 3560 Sunt
1428 3484 1494 3581 qui
1514 3503 1624 3556 asse-.-

313 3620 404 3696 rant,
418 3629 501 3678 cum
517 3601 695 3702 quosdam
712 3602 863 3680 deorum
878 3605 1072 3696 adulando,
1087 3604 1266 3703 quosdam
1281 3608 1437 3705 praemiis
1450 3603 1621 3704 permul-

313 3725 430 3800 cendo
459 3730 596 3802 amissae
620 3729 814 3825 majestatis
842 3729 1022 3802 fortunam
1036 3733 1198 3827 pontinia
1224 3743 1444 3805 emereatum
1458 3727 1622 3805 sussen
1746 3779 1747 3810 ᾗ

312 3847 360 3922 ud
374 3846 544 3941 honores,
557 3851 692 3948 quibus
707 3849 921 3950 jampridem
938 3850 1128 3926 defunctus
1145 3849 1277 3942 fuerat,
1300 3852 1452 3949 ingentis
1464 3873 1618 3927 summo
1746 3903 1747 3920 .

313 3978 430 4070 pretio
444 3972 599 4048 reditum
623 3997 863 4074 comparasse
915 3977 1014 4066 Quos
1030 3977 1071 4069 si,
1085 3977 1210 4073 quanti
1231 3974 1368 4066 emerit,
1385 3996 1512 4071 rogos,
1536 3957 1619 4046 illos

314 4093 482 4186 consule,
515 4101 589 4196 qni,
624 4103 745 4195 quanti
770 4095 933 4170 divinitas
957 4114 1094 4188 veneat,
1121 4096 1331 4171 didicerunt.
1383 4077 1478 4170 Mihi
1496 4102 1618 4170 minus
1746 4095 1747 4160 l

358 4275 415 4342 'br
435 4269 538 4350 nrmz's]
567 4273 651 4354 Saxo
674 4269 827 4359 scripsisse
854 4270 936 4336 ride·
992 4267 1250 4355 regiaedignitatis
1263 4265 1432 4354 insignibus
1446 4289 1618 4335 earoxae-
1746 4275 1747 4348 ζ

311 4387 363 4438 tur
383 4381 413 4438 in
427 4383 540 4441 narnia
560 4373 640 4461 (ΜΒ)
992 4375 1113 4460 cipitur.
1129 4376 1298 4439 Trebellius
1310 4376 1416 4465 Pollio¹
1427 4374 1618 4441 inGallienis
1746 4357 1747 4384 ¹

355 4481 489 4565 ²Eailrb]
503 4481 561 4546 Ed.
573 4505 621 4568 pr.
634 4481 727 4546 babet
741 4488 840 4560 enriio,
853 4479 933 4544 hand
991 4501 1058 4566 cap.
1075 4479 1129 4546 10:
1151 4484 1304 4547 Odenatus
1319 4507 1370 4546 rea
1384 4485 1509 4546 obtenuit
1524 4488 1620 4546 totins
1746 4541 1747 4556 ,

310 4583 400 4647 dubie
420 4587 495 4651 vitio
509 4589 703 4674 typographi.
992 4589 1123 4652 Orientis
1143 4594 1292 4677 imperium
1300 4635 1313 4661 ,
1342 4591 1422 4674 quod
1441 4589 1618 4674 sefortibus

354 4693 415 4752 ’In
427 4693 590 4757 denuntiatis
604 4698 714 4779 ursulus
724 4691 928 4778 subrogatum]
981 4696 1080 4780 factis
1099 4697 1219 4779 dagarum
1244 4713 1335 4758 tnntce
1353 4697 1517 4778 majestat&
1532 4693 1617 4778 rafu-

204 4853 206 4857 .
308 4792 417 4858 lnfulas
442 4800 567 4882 proprie
593 4797 799 4870 sacerdotibus
823 4799 930 4863 rebus·
992 4803 1029 4863 lis
1042 4803 1210 4865 declaravit.
1230 4798 1281 4881 (8)

309 4902 475 4984 questoris
493 4901 678 4966 tribuuntur.
709 4904 855 4987 Alioquin
871 4924 930 4988 pro
