3446 5458
387 301 459 378 trs
582 275 599 300 ‘
722 302 898 374 ntsron.
913 303 1019 375 nnn.
1043 305 1182 378 nmen
1198 303 1254 375 tv.

464 513 549 586 Cui
565 507 706 586 Frotho
734 510 928 603 succedit¹,
955 529 1189 613 cognomento
1215 513 1407 611 ,vigunt
1436 516 1501 614 qui
1526 519 1624 613 ipsan

332 637 549 737 cognominis
571 637 729 732 speciem
755 641 925 734 nemoris»
947 637 1127 733 animique
1155 633 1317 708 firmitate
1339 647 1508 727 tenum,
1544 636 1626 710 deris

332 759 522 857 Norvagiae
532 754 688 830 ducibus
703 753 802 829 bello
816 759 1045 856 consumptis,
1061 753 1225 846 aueum,
1245 781 1329 855 quae
1354 781 1397 832 ex
1415 783 1460 832 eo
1473 777 1626 858 posom-

334 882 423 956 dnm
437 903 566 958 nomen
582 877 767 969 obtinuit³,
787 879 906 976 ipsum
932 893 1114 978 postremo
1137 903 1257 980 regem
1281 882 1467 956 invasurus
1491 885 1627 956 accessit

335 1009 515 1105 Frogerns
530 1000 587 1076 hic
601 1015 693 1090 erat,
715 1001 853 1098 gemina
871 998 1068 1074 admodum
1084 1017 1178 1074 sorte
1192 1003 1423 1100 conspicuus,
1447 1003 1549 1103 quod
1569 1029 1628 1078 non

333 1129 449 1200 minus
465 1128 571 1196 armis
587 1147 698 1220 quam
714 1121 845 1221 opibus
860 1121 1003 1196 illustris
1020 1124 1152 1222 regiam
1169 1121 1334 1198 ditionem
1348 1121 1511 1201 athletico
1527 1125 1628 1202 deco-

334 1265 428 1324 raret
443 1247 571 1339 officio,
595 1261 804 1342 tantumque
825 1246 997 1344 gymnicis
1021 1243 1159 1342 palmis,
1185 1237 1366 1345 quantum
1384 1241 1559 1346 dignitatis
1573 1274 1628 1322 or-

334 1375 504 1446 namentis
521 1367 682 1468 polleret.
736 1369 812 1457 Hic,
831 1383 872 1440 ut
888 1367 1035 1466 quidam
1057 1367 1186 1460 ferunt,
1209 1367 1338 1444 Othiuo
1359 1387 1462 1468 patre
1485 1381 1630 1460 natust

335 1493 402 1568 diis
416 1491 686 1582 immortalibus,
702 1487 917 1564 beneficium
932 1506 1102 1588 praestare
1115 1497 1256 1592 rogatis,
1279 1493 1434 1568 muneris
1447 1491 1531 1568 loco
1544 1493 1630 1566 obti-

334 1619 420 1709 nuit,
437 1640 511 1688 non
536 1615 584 1688 ab
611 1613 682 1686 alio
708 1614 810 1705 vinci,
829 1637 941 1711 quam
965 1616 1031 1712 qni
1051 1617 1245 1688 certaminis
1256 1633 1419 1715 tempore
1439 1615 1631 1715 subjectam

335 1738 494 1840 pedibus
508 1737 587 1835 ejus
603 1734 789 1834 pulverem
802 1759 912 1809 manu
925 1736 1127 1812 convellere
1143 1739 1324 1837 potuisset.
1376 1742 1494 1832 Quem
1510 1737 1631 1812 Frotlto

335 1877 470 1938 tanna
489 1861 628 1956 superis
643 1856 807 1930 firmitate
820 1856 993 1932 donatum
1011 1865 1250 1958 comperiens,
1276 1859 1385 1936 duelli
1407 1860 1632 1958 postulatione

335 1964 495 2076 solicitat,
509 1981 660 2056 deorum
672 1978 925 2084 indulgentiam
939 1981 1077 2058 fallacia
1102 1998 1305 2058 tentaturus.
1366 1986 1525 2057 Primum
1538 1985 1633 2084 igitur

336 2108 516 2207 inperitiae
523 2102 746 2180 simulatione
760 2104 991 2182 dimicationis
1005 2104 1054 2178 ab
1069 2107 1150 2204 ipso
1172 2104 1447 2180 documentum⁴
1467 2105 1633 2208 efflagitat,

337 2233 443 2330 cujus
458 2255 542 2304 enm
557 2251 627 2302 usn
642 2227 924 2327 experientiaque
944 2225 1073 2303 cellere
1085 2231 1182 2300 sciat
1245 2225 1309 2301 Ille
1332 2226 1473 2302 homeru
1486 2229 1633 2329 proies

338 2353 429 2430 sioni
445 2377 521 2428 suae
535 2373 609 2424 non
626 2351 747 2426 solnm
761 2349 896 2443 cedere,
916 2351 981 2425 sed
1001 2351 1105 2424 ctiam
1119 2348 1319 2450 supplicare
1336 2353 1502 2452 gavone,
1522 2375 1634 2452 sapere

340 2499 425 2551 eum
438 2476 598 2565 asseruit,
609 2471 709 2548 senili
727 2471 905 2548 industriae
915 2473 1108 2574 juvenilem
1122 2478 1280 2548 animum
1295 2471 1529 2575 subjiciendo,
1546 2471 1634 2575 quod

261 2641 265 2648 ·
339 2603 371 2674 ei
388 2599 495 2672 iacies
510 2597 731 2691 cicatricibus
748 2620 860 2705 vacua
876 2595 1048 2697 fronsque
1063 2596 1171 2673 nullis
1192 2623 1372 2674 annorum
1387 2597 1539 2699 vestigiis
1555 2622 1633 2672 era-

340 2864 434 2948 mcri,
469 2863 553 2953 quod
572 2865 675 2931 'hebet
697 2867 892 2950 litgrinus,
931 2875 963 2928 et
1021 2865 1107 2932 utaris
1121 2863 1141 2928 2
1156 2866 1240 2929 D.S.
1254 2853 1329 2944 492)
1342 2865 1376 2928 in
1392 2864 1524 2930 dioecesi
1536 2863 1634 2930 llidro·

339 2973 487 3040 clrronioo
500 2973 594 3054 Erici,
609 2973 642 3036 in
658 2991 720 3058 quo
735 2970 849 3057 legitur
859 2969 964 3055 Hegia-
1022 2955 1112 3038 siausi
1124 2989 1224 3058 prope
1236 2969 1385 3056 oppidum
1394 2969 1635 3040 Christimssond.

341 3077 466 3146 modurn
483 3080 716 3163 otHsgrirnonr.
954 3109 957 3114 ·
1023 3077 1085 3144 Sed
1104 3079 1196 3164 piano
1224 3075 1375 3141 incartmn
1397 3087 1453 3159 est,
1475 3101 1493 3144 a
1516 3097 1635 3166 quonam

388 3186 473 3250 'Cat'
483 3188 593 3248 Frotlo
606 3180 748 3266 succedit]
770 3179 967 3247 Observatio-
1024 3183 1184 3249 Frotlrone
1199 3184 1297 3248 insule
1310 3205 1422 3250 nomen
1438 3185 1572 3250 traxerit
1597 3187 1638 3255 in·

341 3307 396 3355 nes
418 3291 573 3374 generales
593 3288 632 3353 de
655 3287 884 3366 Frothonibns‚
913 3287 968 3372 qui
991 3333 994 3339 ι
1026 3301 1082 3352 ter·
1102 3289 1183 3354 lilios
1198 3289 1327 3354 Harsldi
1346 3288 1554 3356 Pulchricomi
1572 3309 1638 3352 unus

342 3395 377 3460 in
394 3396 536 3479 catalogo
549 3413 656 3480 regum
668 3394 776 3460 Danie
792 3405 969 3473 occurrunt,
1026 3394 1087 3461 hoc
1102 3395 1308 3461 nominantes
1321 3409 1367 3462 est
1377 3395 1475 3478 (Hist.
1488 3401 1641 3483 replicta:

342 3499 405 3568 vit.
425 3501 459 3564 in
482 3513 547 3564 not.
569 3501 618 3565 ub.
748 3531 752 3540 ·
872 3535 874 3538 ·
1026 3503 1089 3567 rol.
1108 3505 1122 3564 i
1143 3523 1174 3591 p.
1195 3499 1245 3582 97,
1276 3499 1435 3584 tta-113).
1489 3507 1520 3568 A
1540 3501 1640 3590 probs·

389 3609 611 3697 'cognoscente
632 3603 775 3694 Vegetos]
801 3604 893 3670 Hand
915 3602 970 3668 du·
1029 3607 1148 3672 bilittto
1171 3618 1272 3674 autom
1293 3607 1456 3687 abhorret,
1494 3607 1544 3673 rel
1562 3625 1641 3692 regn·

343 3709 394 3778 bic
409 3713 543 3800 respexit
557 3725 647 3777 autor
662 3711 700 3774 ed
714 3731 886 3798 cognomen
899 3714 970 3774 ima
1025 3715 1090 3780 lom
1114 3718 1235 3778 Danum
1256 3714 1307 3779 vel
1326 3732 1433 3799 regem
1457 3711 1582 3792 osum,
1614 3711 1641 3772 it

343 3822 480 3894 Prolata,
503 3837 565 3905 qno
587 3817 707 3884 Frotho
728 3818 762 3881 in
778 3819 904 3883 vetustis
922 3835 971 3880 re·
1028 3841 1103 3885 cana
1113 3819 1296 3906 antiquitate
1311 3819 1440 3883 insolam
1457 3815 1500 3882 4⁵
1514 3815 1642 3885 milliaria

344 3945 418 4013 gum
457 3925 565 3990 Daniae
609 3922 756 4006 catalogis
797 3921 968 4008 insignitur.
1028 3925 1110 3990 ultra
1124 3931 1238 4011 Bergan
1252 3927 1448 3990 sitsmclssse
1476 3925 1579 3992 hostili
1595 3941 1642 4010 pt·

344 4033 459 4099 statut
473 4043 575 4095 antem
592 4031 624 4094 in
648 4029 751 4114 lingua
774 4028 870 4093 reteri
889 4027 970 4112 poti·
1028 4033 1121 4096 tiisse.

345 4158 380 4202 aa
392 4136 517 4218 fortem,
537 4149 703 4215 strenuum,
732 4134 808 4220 quin
825 4133 901 4198 adeo
925 4131 970 4198 fe-
1075 4141 1301 4202 *Drint'catsbm's
1320 4136 1532 4222 detruncatam]
1550 4139 1642 4201 Docu-

344 4261 460 4324 rooem‚
482 4242 619 4322 denotat,
636 4263 728 4328 quarn
747 4252 897 4324 segetum.
1031 4255 1167 4307 mentum
1186 4242 1246 4306 hoc
1265 4243 1335 4306 looo
1348 4262 1439 4305 sensu
1458 4243 1583 4330 proprio
1600 4259 1643 4302 sn·

392 4351 570 4424 'luscium
598 4371 661 4432 que
677 4371 716 4410 es·
735 4371 770 4411 eo
787 4348 972 4435 postmodam
1034 4349 1128 4413 mitur
1145 4348 1184 4412 (le
1199 4367 1247 4429 eo,
1262 4347 1347 4434 qaod
1362 4347 1482 4429 doceat,
1500 4346 1580 4434 qnod
1593 4363 1642 4407 ποῦ

347 4467 449 4520 nomen
475 4453 614 4534 ottonis]
645 4458 764 4520 Nomen
795 4453 902 4516 insulae
937 4471 974 4515 ex
1033 4453 1248 4540 prudentiores
1266 4455 1384 4521 rsddm
1432 4455 1567 4526 Valerios
1586 4455 1642 4516 ila

348 4559 472 4626 nomine
502 4561 670 4626 Frothonis
694 4559 860 4626 formatum
893 4555 975 4622 foret
1033 4560 1130 4626 ximus
1152 4562 1186 4626 in
1210 4559 1343 4628 Prarl'ett
1372 4565 1583 4627 ardorumsnto
1599 4579 1640 4620 sa·

348 4665 472 4745 Prosilit
498 4679 530 4732 ot
546 4666 671 4753 quidem
694 4667 792 4731 insola
813 4663 903 4748 haltra
920 4680 976 4728 no·
1034 4691 1111 4732 ewra
1140 4673 1300 4733 colentibus
1331 4674 1444 4754 longe-
1463 4665 1640 4752 inquisitionis

278 4809 282 4818 ·
349 4771 439 4836 ruinis
455 4784 553 4837 exstat
570 4771 687 4853 edituo,
714 4785 750 4836 et
772 4771 833 4853 jam
855 4771 975 4834 monuit
1036 4778 1118 4841 labor
1135 4776 1217 4838 absis.

351 4875 492 4942 Salamina
519 4877 645 4956 (Critislt
674 4875 811 4939 Historia
838 4875 872 4936 al*
892 4879 975 4938 Dan·
