<?xml version="1.0" encoding="UTF-8"?>
<!DOCTYPE html PUBLIC "-//W3C//DTD XHTML 1.0 Transitional//EN"
    "http://www.w3.org/TR/xhtml1/DTD/xhtml1-transitional.dtd">
<html xmlns="http://www.w3.org/1999/xhtml" xml:lang="en" lang="en">
 <head>
  <title>
</title>
<meta http-equiv="Content-Type" content="text/html;charset=utf-8" />
  <meta name='ocr-system' content='tesseract 3.04.00' />
  <meta name='ocr-capabilities' content='ocr_page ocr_carea ocr_par ocr_line ocrx_word'/>
</head>
<body>
  <div class='ocr_page' id='page_1' title='image "./historiadanica00velsgoog_0543.png"; bbox 0 0 3506 5458; ppageno 0'>
   <div class='ocr_carea' id='block_1_1' title="bbox 393 257 1276 384">
    <p class='ocr_par' dir='ltr' id='par_1_1' title="bbox 393 257 1276 384">
     <span class='ocr_line' id='line_1_1' title="bbox 393 257 1276 384; baseline -0.002 -1"><span class='ocrx_word' id='word_1_1' title='bbox 393 311 476 384; x_wconf 78' lang='lat' dir='ltr'><strong>ses</strong></span> <span class='ocrx_word' id='word_1_2' title='bbox 758 257 1209 384; x_wconf 73' lang='lat' dir='ltr'><strong>meronotnnmnn</strong></span> <span class='ocrx_word' id='word_1_3' title='bbox 1233 315 1276 384; x_wconf 89' lang='lat' dir='ltr'><strong>x.</strong></span> 
     </span>
    </p>
   </div>
   <div class='ocr_carea' id='block_1_2' title="bbox 282 507 1624 2438">
    <p class='ocr_par' dir='ltr' id='par_1_2' title="bbox 282 507 1624 2438">
     <span class='ocr_line' id='line_1_2' title="bbox 345 507 1620 619; baseline 0.002 -25"><span class='ocrx_word' id='word_1_4' title='bbox 345 523 417 594; x_wconf 82' lang='lat' dir='ltr'><strong>nire</strong></span> <span class='ocrx_word' id='word_1_5' title='bbox 433 524 623 610; x_wconf 79' lang='lat' dir='ltr'><strong>Ctnutum,</strong></span> <span class='ocrx_word' id='word_1_6' title='bbox 646 521 832 616; x_wconf 82' lang='lat' dir='ltr'><strong>Norvogiee</strong></span> <span class='ocrx_word' id='word_1_7' title='bbox 849 507 1061 610; x_wconf 80' lang='lat' dir='ltr'><strong>Svenonem,</strong></span> <span class='ocrx_word' id='word_1_8' title='bbox 1075 545 1187 619; x_wconf 88' lang='lat' dir='ltr'><strong>quem</strong></span> <span class='ocrx_word' id='word_1_9' title='bbox 1209 547 1254 594; x_wconf 81' lang='lat' dir='ltr'><strong>er</strong></span> <span class='ocrx_word' id='word_1_10' title='bbox 1275 519 1421 594; x_wconf 79' lang='lat' dir='ltr'><strong>Alvina¹</strong></span> <span class='ocrx_word' id='word_1_11' title='bbox 1449 523 1620 612; x_wconf 69' lang='lat' dir='ltr'><strong>sustulerat,</strong></span> 
     </span>
     <span class='ocr_line' id='line_1_3' title="bbox 282 638 1619 740; baseline 0.003 -24"><span class='ocrx_word' id='word_1_12' title='bbox 282 709 285 716; x_wconf 86' lang='lat'>.</span> <span class='ocrx_word' id='word_1_13' title='bbox 349 643 490 740; x_wconf 83' lang='lat' dir='ltr'><strong>ubsque</strong></span> <span class='ocrx_word' id='word_1_14' title='bbox 508 641 582 714; x_wconf 84' lang='lat' dir='ltr'><strong>ulla</strong></span> <span class='ocrx_word' id='word_1_15' title='bbox 599 643 788 738; x_wconf 79' lang='lat' dir='ltr'><strong>majestatis</strong></span> <span class='ocrx_word' id='word_1_16' title='bbox 805 665 881 712; x_wconf 82' lang='lat' dir='ltr'><strong>sure</strong></span> <span class='ocrx_word' id='word_1_17' title='bbox 901 638 1139 716; x_wconf 82' lang='lat' dir='ltr'><strong>deminutione</strong></span> <span class='ocrx_word' id='word_1_18' title='bbox 1158 643 1328 740; x_wconf 78' lang='lat' dir='ltr'><strong>praeiecit.</strong></span> <span class='ocrx_word' id='word_1_19' title='bbox 1387 648 1473 716; x_wconf 82' lang='lat' dir='ltr'><strong>Nam</strong></span> <span class='ocrx_word' id='word_1_20' title='bbox 1497 649 1619 720; x_wconf 85' lang='lat' dir='ltr'><strong>etsitres</strong></span> 
     </span>
     <span class='ocr_line' id='line_1_4' title="bbox 349 761 1619 864; baseline 0.003 -28"><span class='ocrx_word' id='word_1_21' title='bbox 349 765 549 864; x_wconf 81' lang='lat' dir='ltr'><strong>provincias</strong></span> <span class='ocrx_word' id='word_1_22' title='bbox 565 761 710 834; x_wconf 85' lang='lat' dir='ltr'><strong>totidem</strong></span> <span class='ocrx_word' id='word_1_23' title='bbox 725 761 881 834; x_wconf 86' lang='lat' dir='ltr'><strong>filiorum</strong></span> <span class='ocrx_word' id='word_1_24' title='bbox 897 767 1059 858; x_wconf 77' lang='lat' dir='ltr'><strong>regimini</strong></span> <span class='ocrx_word' id='word_1_25' title='bbox 1074 763 1228 858; x_wconf 80' lang='lat' dir='ltr'><strong>tradidit,</strong></span> <span class='ocrx_word' id='word_1_26' title='bbox 1241 763 1466 841; x_wconf 88' lang='lat' dir='ltr'><strong>nihilominus</strong></span> <span class='ocrx_word' id='word_1_27' title='bbox 1482 793 1619 842; x_wconf 86' lang='lat' dir='ltr'><strong>commu-</strong></span> 
     </span>
     <span class='ocr_line' id='line_1_5' title="bbox 349 870 1619 988; baseline 0.002 -29"><span class='ocrx_word' id='word_1_28' title='bbox 349 914 395 960; x_wconf 90' lang='lat' dir='ltr'><strong>ne</strong></span> <span class='ocrx_word' id='word_1_29' title='bbox 413 887 482 960; x_wconf 89' lang='lat' dir='ltr'><strong>sihi</strong></span> <span class='ocrx_word' id='word_1_30' title='bbox 500 885 605 956; x_wconf 89' lang='lat' dir='ltr'><strong>trium</strong></span> <span class='ocrx_word' id='word_1_31' title='bbox 621 885 813 981; x_wconf 88' lang='lat' dir='ltr'><strong>imperium</strong></span> <span class='ocrx_word' id='word_1_32' title='bbox 831 870 1044 974; x_wconf 81' lang='lat' dir='ltr'><strong>reservavit,</strong></span> <span class='ocrx_word' id='word_1_33' title='bbox 1066 913 1186 984; x_wconf 87' lang='lat' dir='ltr'><strong>neque</strong></span> <span class='ocrx_word' id='word_1_34' title='bbox 1206 913 1385 964; x_wconf 85' lang='lat' dir='ltr'><strong>summam</strong></span> <span class='ocrx_word' id='word_1_35' title='bbox 1409 915 1514 988; x_wconf 84' lang='lat' dir='ltr'><strong>penes</strong></span> <span class='ocrx_word' id='word_1_36' title='bbox 1534 891 1619 964; x_wconf 83' lang='lat' dir='ltr'><strong>elium</strong></span> 
     </span>
     <span class='ocr_line' id='line_1_6' title="bbox 348 1005 1620 1086; baseline 0 -2"><span class='ocrx_word' id='word_1_37' title='bbox 348 1012 538 1084; x_wconf 79' lang='lat' dir='ltr'><strong>consistere</strong></span> <span class='ocrx_word' id='word_1_38' title='bbox 554 1005 673 1078; x_wconf 85' lang='lat' dir='ltr'><strong>voluit</strong></span> <span class='ocrx_word' id='word_1_39' title='bbox 726 1011 898 1080; x_wconf 72' lang='lat' dir='ltr'><strong>Praeterea</strong></span> <span class='ocrx_word' id='word_1_40' title='bbox 920 1011 1047 1082; x_wconf 85' lang='lat' dir='ltr'><strong>teneris</strong></span> <span class='ocrx_word' id='word_1_41' title='bbox 1072 1009 1193 1084; x_wconf 83' lang='lat' dir='ltr'><strong>adhuc</strong></span> <span class='ocrx_word' id='word_1_42' title='bbox 1217 1010 1371 1086; x_wconf 86' lang='lat' dir='ltr'><strong>ducibus</strong></span> <span class='ocrx_word' id='word_1_43' title='bbox 1397 1017 1432 1084; x_wconf 90' lang='lat' dir='ltr'><strong>in</strong></span> <span class='ocrx_word' id='word_1_44' title='bbox 1457 1013 1620 1086; x_wconf 83' lang='lat' dir='ltr'><strong>officiorum</strong></span> 
     </span>
     <span class='ocr_line' id='line_1_7' title="bbox 348 1129 1621 1228; baseline 0 -24"><span class='ocrx_word' id='word_1_45' title='bbox 348 1132 492 1208; x_wconf 80' lang='lat' dir='ltr'><strong>tutelam</strong></span> <span class='ocrx_word' id='word_1_46' title='bbox 506 1129 777 1204; x_wconf 85' lang='lat' dir='ltr'><strong>fortissimorum</strong></span> <span class='ocrx_word' id='word_1_47' title='bbox 794 1129 958 1228; x_wconf 83' lang='lat' dir='ltr'><strong>praesidio</strong></span> <span class='ocrx_word' id='word_1_48' title='bbox 972 1136 1129 1205; x_wconf 79' lang='lat' dir='ltr'><strong>sociavit.</strong></span> <span class='ocrx_word' id='word_1_49' title='bbox 1171 1137 1254 1206; x_wconf 86' lang='lat' dir='ltr'>Post</span> <span class='ocrx_word' id='word_1_50' title='bbox 1268 1132 1348 1206; x_wconf 78' lang='lat' dir='ltr'><strong>hoec</strong></span> <span class='ocrx_word' id='word_1_51' title='bbox 1362 1135 1521 1223; x_wconf 78' lang='lat' dir='ltr'><strong>Estritlrs,</strong></span> <span class='ocrx_word' id='word_1_52' title='bbox 1533 1134 1621 1208; x_wconf 86' lang='lat' dir='ltr'><strong>lilium</strong></span> 
     </span>
     <span class='ocr_line' id='line_1_8' title="bbox 347 1251 1622 1365; baseline -0.002 -36"><span class='ocrx_word' id='word_1_53' title='bbox 347 1260 547 1328; x_wconf 86' lang='lat' dir='ltr'><strong>Svenonem</strong></span> <span class='ocrx_word' id='word_1_54' title='bbox 564 1253 700 1342; x_wconf 76' lang='lat' dir='ltr'><strong>enixa2,</strong></span> <span class='ocrx_word' id='word_1_55' title='bbox 727 1251 863 1365; x_wconf 83' lang='lat' dir='ltr'><strong>sobolis</strong></span> <span class='ocrx_word' id='word_1_56' title='bbox 881 1257 1072 1326; x_wconf 81' lang='lat' dir='ltr'><strong>intercessu</strong></span> <span class='ocrx_word' id='word_1_57' title='bbox 1091 1257 1167 1326; x_wconf 91' lang='lat' dir='ltr'><strong>viro</strong></span> <span class='ocrx_word' id='word_1_58' title='bbox 1185 1255 1298 1330; x_wconf 76' lang='lat' dir='ltr'><strong>irenis</strong></span> <span class='ocrx_word' id='word_1_59' title='bbox 1321 1262 1469 1354; x_wconf 80' lang='lat' dir='ltr'><strong>gratiam</strong></span> <span class='ocrx_word' id='word_1_60' title='bbox 1483 1256 1622 1330; x_wconf 80' lang='lat' dir='ltr'><strong>condiu-</strong></span> 
     </span>
     <span class='ocr_line' id='line_1_9' title="bbox 347 1375 1623 1477; baseline 0 -27"><span class='ocrx_word' id='word_1_61' title='bbox 347 1383 407 1450; x_wconf 85' lang='lat' dir='ltr'><strong>vit.</strong></span> <span class='ocrx_word' id='word_1_62' title='bbox 460 1375 746 1449; x_wconf 86' lang='lat' dir='ltr'><strong>Benevolentiom</strong></span> <span class='ocrx_word' id='word_1_63' title='bbox 765 1379 870 1469; x_wconf 89' lang='lat' dir='ltr'><strong>enim,</strong></span> <span class='ocrx_word' id='word_1_64' title='bbox 887 1401 996 1472; x_wconf 81' lang='lat' dir='ltr'><strong>quem</strong></span> <span class='ocrx_word' id='word_1_65' title='bbox 1020 1381 1177 1452; x_wconf 81' lang='lat' dir='ltr'><strong>Canutus</strong></span> <span class='ocrx_word' id='word_1_66' title='bbox 1198 1377 1344 1477; x_wconf 89' lang='lat' dir='ltr'><strong>perfidis</strong></span> <span class='ocrx_word' id='word_1_67' title='bbox 1361 1379 1505 1452; x_wconf 85' lang='lat' dir='ltr'><strong>Ulvonis</strong></span> <span class='ocrx_word' id='word_1_68' title='bbox 1518 1383 1623 1451; x_wconf 87' lang='lat' dir='ltr'><strong>meritis</strong></span> 
     </span>
     <span class='ocr_line' id='line_1_10' title="bbox 347 1499 1622 1600; baseline -0.001 -29"><span class='ocrx_word' id='word_1_69' title='bbox 347 1500 546 1599; x_wconf 81' lang='lat' dir='ltr'><strong>denegavit,</strong></span> <span class='ocrx_word' id='word_1_70' title='bbox 562 1503 835 1596; x_wconf 73' lang='lat' dir='ltr'><strong>consanguineae</strong></span> <span class='ocrx_word' id='word_1_71' title='bbox 854 1499 920 1572; x_wconf 88' lang='lat' dir='ltr'><strong>sibi</strong></span> <span class='ocrx_word' id='word_1_72' title='bbox 936 1499 1048 1596; x_wconf 90' lang='lat' dir='ltr'><strong>prolis</strong></span> <span class='ocrx_word' id='word_1_73' title='bbox 1065 1503 1242 1600; x_wconf 86' lang='lat' dir='ltr'><strong>respectui</strong></span> <span class='ocrx_word' id='word_1_74' title='bbox 1260 1500 1488 1574; x_wconf 84' lang='lat' dir='ltr'><strong>tribuendum</strong></span> <span class='ocrx_word' id='word_1_75' title='bbox 1505 1503 1622 1600; x_wconf 79' lang='lat' dir='ltr'><strong>putavit</strong></span> 
     </span>
     <span class='ocr_line' id='line_1_11' title="bbox 348 1621 1623 1724; baseline -0.005 -25"><span class='ocrx_word' id='word_1_76' title='bbox 348 1627 444 1718; x_wconf 85' lang='lat' dir='ltr'><strong>Quin</strong></span> <span class='ocrx_word' id='word_1_77' title='bbox 461 1627 742 1694; x_wconf 83' lang='lat' dir='ltr'><strong>etiamsororem</strong></span> <span class='ocrx_word' id='word_1_78' title='bbox 759 1621 957 1722; x_wconf 84' lang='lat' dir='ltr'><strong>Anglorum</strong></span> <span class='ocrx_word' id='word_1_79' title='bbox 982 1641 1133 1723; x_wconf 80' lang='lat' dir='ltr'><strong>satrapae</strong></span> <span class='ocrx_word' id='word_1_80' title='bbox 1156 1623 1353 1698; x_wconf 89' lang='lat' dir='ltr'><strong>Godewino</strong></span> <span class='ocrx_word' id='word_1_81' title='bbox 1385 1628 1512 1724; x_wconf 92' lang='lat' dir='ltr'><strong>nuptiis</strong></span> <span class='ocrx_word' id='word_1_82' title='bbox 1525 1626 1623 1722; x_wconf 79' lang='lat' dir='ltr'><strong>junxit,</strong></span> 
     </span>
     <span class='ocr_line' id='line_1_12' title="bbox 345 1745 1624 1850; baseline -0.005 -28"><span class='ocrx_word' id='word_1_83' title='bbox 345 1763 485 1850; x_wconf 85' lang='lat' dir='ltr'><strong>gentem</strong></span> <span class='ocrx_word' id='word_1_84' title='bbox 498 1746 595 1846; x_wconf 84' lang='lat' dir='ltr'><strong>genti</strong></span> <span class='ocrx_word' id='word_1_85' title='bbox 611 1746 736 1817; x_wconf 73' lang='lat' dir='ltr'><strong>anienis</strong></span> <span class='ocrx_word' id='word_1_86' title='bbox 759 1762 867 1844; x_wconf 83' lang='lat' dir='ltr'><strong>atque</strong></span> <span class='ocrx_word' id='word_1_87' title='bbox 892 1745 1055 1820; x_wconf 84' lang='lat' dir='ltr'><strong>affinitate</strong></span> <span class='ocrx_word' id='word_1_88' title='bbox 1075 1773 1261 1822; x_wconf 87' lang='lat' dir='ltr'><strong>conserere</strong></span> <span class='ocrx_word' id='word_1_89' title='bbox 1279 1748 1439 1846; x_wconf 78' lang='lat' dir='ltr'><strong>cupiens</strong></span> <span class='ocrx_word' id='word_1_90' title='bbox 1503 1749 1550 1818; x_wconf 84' lang='lat' dir='ltr'><strong>llx</strong></span> <span class='ocrx_word' id='word_1_91' title='bbox 1569 1769 1624 1843; x_wconf 84' lang='lat' dir='ltr'><strong>qua</strong></span> 
     </span>
     <span class='ocr_line' id='line_1_13' title="bbox 345 1867 1622 1968; baseline -0.006 -22"><span class='ocrx_word' id='word_1_92' title='bbox 345 1869 562 1958; x_wconf 86' lang='lat' dir='ltr'><strong>lluraldum,</strong></span> <span class='ocrx_word' id='word_1_93' title='bbox 585 1868 798 1938; x_wconf 89' lang='lat' dir='ltr'><strong>Biornonem</strong></span> <span class='ocrx_word' id='word_1_94' title='bbox 821 1871 1110 1968; x_wconf 80' lang='lat' dir='ltr'><strong>Tostonemque⁴</strong></span> <span class='ocrx_word' id='word_1_95' title='bbox 1150 1887 1247 1946; x_wconf 89' lang='lat' dir='ltr'><strong>ortos</strong></span> <span class='ocrx_word' id='word_1_96' title='bbox 1274 1869 1447 1944; x_wconf 83' lang='lat' dir='ltr'><strong>memorie</strong></span> <span class='ocrx_word' id='word_1_97' title='bbox 1470 1867 1622 1967; x_wconf 85' lang='lat' dir='ltr'><strong>proditum</strong></span> 
     </span>
     <span class='ocr_line' id='line_1_14' title="bbox 343 1989 1623 2092; baseline -0.005 -24"><span class='ocrx_word' id='word_1_98' title='bbox 343 1993 531 2068; x_wconf 85' lang='lat' dir='ltr'><strong>habemus.</strong></span> <span class='ocrx_word' id='word_1_99' title='bbox 580 1994 625 2060; x_wconf 84' lang='lat' dir='ltr'><strong>At</strong></span> <span class='ocrx_word' id='word_1_100' title='bbox 640 1991 759 2062; x_wconf 78' lang='lat' dir='ltr'><strong>Caesar</strong></span> <span class='ocrx_word' id='word_1_101' title='bbox 773 2015 815 2062; x_wconf 85' lang='lat' dir='ltr'><strong>ex</strong></span> <span class='ocrx_word' id='word_1_102' title='bbox 830 1989 1009 2062; x_wconf 81' lang='lat' dir='ltr'><strong>Gunoilda</strong></span> <span class='ocrx_word' id='word_1_103' title='bbox 1020 1993 1134 2066; x_wconf 87' lang='lat' dir='ltr'><strong>filium</strong></span> <span class='ocrx_word' id='word_1_104' title='bbox 1148 2019 1253 2092; x_wconf 77' lang='lat' dir='ltr'><strong>mque</strong></span> <span class='ocrx_word' id='word_1_105' title='bbox 1270 1994 1413 2068; x_wconf 78' lang='lat' dir='ltr'><strong>fortuna</strong></span> <span class='ocrx_word' id='word_1_106' title='bbox 1428 2017 1471 2066; x_wconf 82' lang='lat' dir='ltr'><strong>uc</strong></span> <span class='ocrx_word' id='word_1_107' title='bbox 1487 1989 1623 2066; x_wconf 71' lang='lat' dir='ltr'><strong>rocelin-</strong></span> 
     </span>
     <span class='ocr_line' id='line_1_15' title="bbox 344 2113 1623 2214; baseline -0.007 -24"><span class='ocrx_word' id='word_1_108' title='bbox 344 2119 382 2192; x_wconf 91' lang='lat' dir='ltr'><strong>lo</strong></span> <span class='ocrx_word' id='word_1_109' title='bbox 405 2118 577 2213; x_wconf 80' lang='lat' dir='ltr'><strong>Magnum</strong></span> <span class='ocrx_word' id='word_1_110' title='bbox 598 2114 788 2210; x_wconf 84' lang='lat' dir='ltr'><strong>suscepit⁵,</strong></span> <span class='ocrx_word' id='word_1_111' title='bbox 813 2137 835 2183; x_wconf 79' lang='lat' dir='ltr'><strong>a</strong></span> <span class='ocrx_word' id='word_1_112' title='bbox 858 2139 935 2210; x_wconf 88' lang='lat' dir='ltr'><strong>qno</strong></span> <span class='ocrx_word' id='word_1_113' title='bbox 962 2113 1151 2188; x_wconf 86' lang='lat' dir='ltr'><strong>illustrium</strong></span> <span class='ocrx_word' id='word_1_114' title='bbox 1181 2117 1461 2199; x_wconf 78' lang='lat' dir='ltr'><strong>Teutonicorum</strong></span> <span class='ocrx_word' id='word_1_115' title='bbox 1483 2113 1623 2214; x_wconf 74' lang='lat' dir='ltr'><strong>imagines</strong></span> 
     </span>
     <span class='ocr_line' id='line_1_16' title="bbox 343 2232 1621 2339; baseline -0.007 -25"><span class='ocrx_word' id='word_1_116' title='bbox 343 2235 605 2338; x_wconf 85' lang='lat' dir='ltr'><strong>splendidaque</strong></span> <span class='ocrx_word' id='word_1_117' title='bbox 619 2237 819 2308; x_wconf 73' lang='lat' dir='ltr'><strong>Germanice</strong></span> <span class='ocrx_word' id='word_1_118' title='bbox 837 2232 970 2310; x_wconf 86' lang='lat' dir='ltr'><strong>lumina</strong></span> <span class='ocrx_word' id='word_1_119' title='bbox 989 2235 1219 2330; x_wconf 85' lang='lat' dir='ltr'><strong>successionis</strong></span> <span class='ocrx_word' id='word_1_120' title='bbox 1236 2242 1327 2314; x_wconf 87' lang='lat' dir='ltr'><strong>serie</strong></span> <span class='ocrx_word' id='word_1_121' title='bbox 1342 2237 1537 2339; x_wconf 83' lang='lat' dir='ltr'><strong>pullulasse</strong></span> <span class='ocrx_word' id='word_1_122' title='bbox 1549 2259 1621 2332; x_wconf 90' lang='lat' dir='ltr'><strong>pm-</strong></span> 
     </span>
     <span class='ocr_line' id='line_1_17' title="bbox 344 2365 486 2438; baseline -0.042 0"><span class='ocrx_word' id='word_1_123' title='bbox 344 2365 486 2438; x_wconf 87' lang='lat' dir='ltr'><strong>duntur.</strong></span> 
     </span>
    </p>
   </div>
   <div class='ocr_carea' id='block_1_3' title="bbox 336 2667 1627 4675">
    <p class='ocr_par' dir='ltr' id='par_1_3' title="bbox 336 2667 1627 4675">
     <span class='ocr_line' id='line_1_18' title="bbox 343 2667 1622 2762; baseline -0.008 -19"><span class='ocrx_word' id='word_1_124' title='bbox 343 2691 519 2744; x_wconf 82' lang='lat' dir='ltr'><strong>tumentem</strong></span> <span class='ocrx_word' id='word_1_125' title='bbox 537 2689 592 2755; x_wconf 86' lang='lat' dir='ltr'><strong>est,</strong></span> <span class='ocrx_word' id='word_1_126' title='bbox 614 2681 784 2740; x_wconf 78' lang='lat' dir='ltr'><strong>Stenonem</strong></span> <span class='ocrx_word' id='word_1_127' title='bbox 806 2679 867 2762; x_wconf 85' lang='lat' dir='ltr'><strong>jam</strong></span> <span class='ocrx_word' id='word_1_128' title='bbox 885 2700 965 2741; x_wconf 80' lang='lat' dir='ltr'><strong>anno</strong></span> <span class='ocrx_word' id='word_1_129' title='bbox 1073 2681 1277 2750; x_wconf 79' lang='lat' dir='ltr'><strong>⁴Haraldoor,</strong></span> <span class='ocrx_word' id='word_1_130' title='bbox 1290 2683 1477 2750; x_wconf 81' lang='lat' dir='ltr'><strong>Biornonem,</strong></span> <span class='ocrx_word' id='word_1_131' title='bbox 1489 2667 1622 2756; x_wconf 78' lang='lat' dir='ltr'><strong>Tostonorl</strong></span> 
     </span>
     <span class='ocr_line' id='line_1_19' title="bbox 344 2777 1622 2869; baseline -0.013 -18"><span class='ocrx_word' id='word_1_132' title='bbox 344 2783 425 2852; x_wconf 79' lang='lat'><strong>1035</strong></span> <span class='ocrx_word' id='word_1_133' title='bbox 436 2783 587 2868; x_wconf 78' lang='lat' dir='ltr'><strong>Norvegie</strong></span> <span class='ocrx_word' id='word_1_134' title='bbox 603 2783 692 2850; x_wconf 84' lang='lat' dir='ltr'><strong>luisse</strong></span> <span class='ocrx_word' id='word_1_135' title='bbox 711 2787 867 2869; x_wconf 71' lang='lat' dir='ltr'><strong>expulsum</strong></span> <span class='ocrx_word' id='word_1_136' title='bbox 889 2807 963 2848; x_wconf 89' lang='lat' dir='ltr'><strong>non·</strong></span> <span class='ocrx_word' id='word_1_137' title='bbox 1024 2784 1159 2846; x_wconf 77' lang='lat' dir='ltr'><strong>Adsmus</strong></span> <span class='ocrx_word' id='word_1_138' title='bbox 1168 2790 1322 2846; x_wconf 82' lang='lat' dir='ltr'><strong>Bremens.</strong></span> <span class='ocrx_word' id='word_1_139' title='bbox 1333 2783 1385 2844; x_wconf 89' lang='lat' dir='ltr'><strong>lib.</strong></span> <span class='ocrx_word' id='word_1_140' title='bbox 1395 2787 1421 2844; x_wconf 97' lang='lat' dir='ltr'><strong>ll</strong></span> <span class='ocrx_word' id='word_1_141' title='bbox 1430 2803 1492 2868; x_wconf 78' lang='lat' dir='ltr'><strong>cup.</strong></span> <span class='ocrx_word' id='word_1_142' title='bbox 1503 2777 1548 2843; x_wconf 81' lang='lat'><strong>37:</strong></span> <span class='ocrx_word' id='word_1_143' title='bbox 1560 2779 1622 2839; x_wconf 81' lang='lat' dir='ltr'><strong>Gud-</strong></span> 
     </span>
     <span class='ocr_line' id='line_1_20' title="bbox 342 2887 1622 2974; baseline -0.009 -18"><span class='ocrx_word' id='word_1_144' title='bbox 342 2893 433 2956; x_wconf 84' lang='lat' dir='ltr'><strong>nttllls</strong></span> <span class='ocrx_word' id='word_1_145' title='bbox 447 2890 824 2954; x_wconf 80' lang='lat' dir='ltr'><strong>mensibussnlemortsm</strong></span> <span class='ocrx_word' id='word_1_146' title='bbox 845 2893 965 2970; x_wconf 79' lang='lat' dir='ltr'><strong>Canuti,</strong></span> <span class='ocrx_word' id='word_1_147' title='bbox 1027 2896 1077 2952; x_wconf 82' lang='lat' dir='ltr'><strong>oio</strong></span> <span class='ocrx_word' id='word_1_148' title='bbox 1093 2917 1111 2952; x_wconf 85' lang='grc' dir='ltr'><em>α</em></span> <span class='ocrx_word' id='word_1_149' title='bbox 1130 2915 1227 2953; x_wconf 84' lang='lat' dir='ltr'><strong>sorore</strong></span> <span class='ocrx_word' id='word_1_150' title='bbox 1247 2893 1340 2974; x_wconf 76' lang='lat' dir='ltr'><strong>Wot)</strong></span> <span class='ocrx_word' id='word_1_151' title='bbox 1368 2893 1453 2953; x_wconf 79' lang='lat' dir='ltr'><strong>ducis</strong></span> <span class='ocrx_word' id='word_1_152' title='bbox 1471 2893 1561 2956; x_wconf 74' lang='lat' dir='ltr'><strong>Sosin,</strong></span> <span class='ocrx_word' id='word_1_153' title='bbox 1582 2887 1622 2941; x_wconf 82' lang='lat' dir='ltr'><strong>To·</strong></span> 
     </span>
     <span class='ocr_line' id='line_1_21' title="bbox 342 2991 1623 3086; baseline -0.012 -24"><span class='ocrx_word' id='word_1_154' title='bbox 342 3019 440 3086; x_wconf 81' lang='lat' dir='ltr'><strong>neque</strong></span> <span class='ocrx_word' id='word_1_155' title='bbox 449 2997 968 3082; x_wconf 71' lang='lat' dir='ltr'><strong>verisimilees2,Cantttutn,qulcott·</strong></span> <span class='ocrx_word' id='word_1_156' title='bbox 1027 3003 1085 3059; x_wconf 81' lang='lat' dir='ltr'><strong>stt&#39;u</strong></span> <span class='ocrx_word' id='word_1_157' title='bbox 1105 3015 1133 3059; x_wconf 82' lang='lat' dir='ltr'><strong>et</strong></span> <span class='ocrx_word' id='word_1_158' title='bbox 1152 3000 1320 3060; x_wconf 75' lang='lat' dir='ltr'><strong>Humidum</strong></span> <span class='ocrx_word' id='word_1_159' title='bbox 1348 3003 1453 3082; x_wconf 79' lang='lat' dir='ltr'><strong>gertot&#39;t</strong></span> <span class='ocrx_word' id='word_1_160' title='bbox 1475 2991 1623 3082; x_wconf 76' lang='lat' dir='ltr'><strong>parrr&#39;cr&#39;dat·</strong></span> 
     </span>
     <span class='ocr_line' id='line_1_22' title="bbox 340 3091 1622 3188; baseline -0.009 -19"><span class='ocrx_word' id='word_1_161' title='bbox 340 3107 413 3170; x_wconf 87' lang='lat' dir='ltr'><strong>siliis</strong></span> <span class='ocrx_word' id='word_1_162' title='bbox 427 3107 543 3166; x_wconf 82' lang='lat' dir='ltr'><strong>Emmae</strong></span> <span class='ocrx_word' id='word_1_163' title='bbox 561 3117 679 3166; x_wconf 80' lang='lat' dir='ltr'><strong>tantum</strong></span> <span class='ocrx_word' id='word_1_164' title='bbox 694 3105 843 3180; x_wconf 83' lang='lat' dir='ltr'><strong>tribuerit,</strong></span> <span class='ocrx_word' id='word_1_165' title='bbox 866 3103 961 3166; x_wconf 83' lang='lat' dir='ltr'><strong>lilium</strong></span> <span class='ocrx_word' id='word_1_166' title='bbox 1025 3106 1136 3164; x_wconf 86' lang='lat' dir='ltr'><strong>Noster</strong></span> <span class='ocrx_word' id='word_1_167' title='bbox 1148 3104 1229 3166; x_wconf 90' lang='lat' dir='ltr'><strong>solus</strong></span> <span class='ocrx_word' id='word_1_168' title='bbox 1243 3117 1298 3182; x_wconf 88' lang='lat' dir='ltr'><strong>est,</strong></span> <span class='ocrx_word' id='word_1_169' title='bbox 1310 3091 1459 3188; x_wconf 84' lang='lat' dir='ltr'><strong>qnantum</strong></span> <span class='ocrx_word' id='word_1_170' title='bbox 1473 3101 1580 3188; x_wconf 83' lang='lat' dir='ltr'><strong>quiden</strong></span> <span class='ocrx_word' id='word_1_171' title='bbox 1590 3111 1622 3154; x_wconf 78' lang='lat' dir='ltr'><strong>rt·</strong></span> 
     </span>
     <span class='ocr_line' id='line_1_23' title="bbox 342 3180 1623 3295; baseline -0.011 -22"><span class='ocrx_word' id='word_1_172' title='bbox 342 3209 519 3273; x_wconf 73' lang='lat' dir='ltr'><strong>concubinos</strong></span> <span class='ocrx_word' id='word_1_173' title='bbox 535 3209 580 3271; x_wconf 86' lang='lat' dir='ltr'><strong>illi</strong></span> <span class='ocrx_word' id='word_1_174' title='bbox 593 3209 721 3272; x_wconf 85' lang='lat' dir='ltr'><strong>invisum</strong></span> <span class='ocrx_word' id='word_1_175' title='bbox 737 3180 963 3295; x_wconf 76' lang='lat' dir='ltr'><strong>regnodngliae</strong></span> <span class='ocrx_word' id='word_1_176' title='bbox 1025 3208 1127 3292; x_wconf 83' lang='lat' dir='ltr'><strong>perire</strong></span> <span class='ocrx_word' id='word_1_177' title='bbox 1155 3211 1251 3292; x_wconf 88' lang='lat' dir='ltr'><strong>potui,</strong></span> <span class='ocrx_word' id='word_1_178' title='bbox 1276 3211 1327 3294; x_wconf 90' lang='lat' dir='ltr'><strong>qui</strong></span> <span class='ocrx_word' id='word_1_179' title='bbox 1340 3211 1526 3272; x_wconf 87' lang='lat' dir='ltr'><strong>Biornonem</strong></span> <span class='ocrx_word' id='word_1_180' title='bbox 1552 3222 1623 3285; x_wconf 87' lang='lat' dir='ltr'><strong>quen·</strong></span> 
     </span>
     <span class='ocr_line' id='line_1_24' title="bbox 341 3307 1623 3403; baseline -0.011 -23"><span class='ocrx_word' id='word_1_181' title='bbox 341 3315 515 3403; x_wconf 67' lang='lat' dir='ltr'><strong>prefecisse</strong></span> <span class='ocrx_word' id='word_1_182' title='bbox 538 3315 613 3395; x_wconf 87' lang='lat' dir='ltr'><strong>(rid.</strong></span> <span class='ocrx_word' id='word_1_183' title='bbox 642 3319 826 3380; x_wconf 80' lang='lat' dir='ltr'><strong>Encomiast.</strong></span> <span class='ocrx_word' id='word_1_184' title='bbox 847 3321 965 3379; x_wconf 78' lang='lat' dir='ltr'><strong>Emmae</strong></span> <span class='ocrx_word' id='word_1_185' title='bbox 1026 3315 1093 3378; x_wconf 77' lang='lat' dir='ltr'><strong>dem</strong></span> <span class='ocrx_word' id='word_1_186' title='bbox 1112 3313 1338 3378; x_wconf 81' lang='lat' dir='ltr'><strong>laciotl&#39;ratrem</strong></span> <span class='ocrx_word' id='word_1_187' title='bbox 1354 3307 1484 3378; x_wconf 69' lang='lat' dir='ltr'><strong>llos-aldi</strong></span> <span class='ocrx_word' id='word_1_188' title='bbox 1497 3327 1525 3376; x_wconf 91' lang='lat' dir='ltr'><strong>et</strong></span> <span class='ocrx_word' id='word_1_189' title='bbox 1538 3317 1623 3372; x_wconf 76' lang='lat' dir='ltr'><strong>&#39;l‘osto</strong></span> 
     </span>
     <span class='ocr_line' id='line_1_25' title="bbox 340 3416 1622 3509; baseline -0.014 -21"><span class='ocrx_word' id='word_1_190' title='bbox 340 3425 453 3509; x_wconf 87' lang='lat' dir='ltr'><strong>Script.</strong></span> <span class='ocrx_word' id='word_1_191' title='bbox 466 3443 526 3485; x_wconf 87' lang='lat' dir='ltr'><strong>rer.</strong></span> <span class='ocrx_word' id='word_1_192' title='bbox 542 3425 617 3484; x_wconf 84' lang='lat' dir='ltr'><strong>[lan.</strong></span> <span class='ocrx_word' id='word_1_193' title='bbox 631 3425 690 3485; x_wconf 80' lang='lat' dir='ltr'><strong>tol.</strong></span> <span class='ocrx_word' id='word_1_194' title='bbox 707 3427 730 3486; x_wconf 94' lang='lat' dir='ltr'><strong>ll</strong></span> <span class='ocrx_word' id='word_1_195' title='bbox 744 3447 773 3508; x_wconf 86' lang='lat' dir='ltr'><strong>p.</strong></span> <span class='ocrx_word' id='word_1_196' title='bbox 787 3419 872 3496; x_wconf 74' lang='grc'>496).</span> <span class='ocrx_word' id='word_1_197' title='bbox 889 3429 963 3488; x_wconf 88' lang='lat' dir='ltr'><strong>Utut</strong></span> <span class='ocrx_word' id='word_1_198' title='bbox 1025 3421 1081 3482; x_wconf 88' lang='lat' dir='ltr'><strong>nis.</strong></span> <span class='ocrx_word' id='word_1_199' title='bbox 1129 3425 1207 3487; x_wconf 82' lang='lat' dir='ltr'><strong>Ulvo</strong></span> <span class='ocrx_word' id='word_1_200' title='bbox 1226 3436 1327 3484; x_wconf 83' lang='lat' dir='ltr'><strong>eutem</strong></span> <span class='ocrx_word' id='word_1_201' title='bbox 1346 3444 1381 3486; x_wconf 85' lang='lat' dir='ltr'><strong>ex</strong></span> <span class='ocrx_word' id='word_1_202' title='bbox 1404 3420 1536 3508; x_wconf 81' lang='lat' dir='ltr'><strong>Estritha</strong></span> <span class='ocrx_word' id='word_1_203' title='bbox 1551 3416 1622 3503; x_wconf 85' lang='lat' dir='ltr'><strong>lilium</strong></span> 
     </span>
     <span class='ocr_line' id='line_1_26' title="bbox 341 3529 1522 3614; baseline -0.003 -22"><span class='ocrx_word' id='word_1_204' title='bbox 341 3543 396 3608; x_wconf 85' lang='lat' dir='ltr'><strong>est,</strong></span> <span class='ocrx_word' id='word_1_205' title='bbox 414 3529 507 3612; x_wconf 81' lang='lat' dir='ltr'><strong>Angli</strong></span> <span class='ocrx_word' id='word_1_206' title='bbox 523 3531 640 3592; x_wconf 84' lang='lat' dir='ltr'><strong>Canrrto</strong></span> <span class='ocrx_word' id='word_1_207' title='bbox 658 3544 778 3593; x_wconf 87' lang='lat' dir='ltr'><strong>mortuo</strong></span> <span class='ocrx_word' id='word_1_208' title='bbox 796 3529 964 3592; x_wconf 82' lang='lat' dir='ltr'><strong>llaroldum</strong></span> <span class='ocrx_word' id='word_1_209' title='bbox 1024 3529 1211 3594; x_wconf 86' lang='lat' dir='ltr'><strong>Biornonem</strong></span> <span class='ocrx_word' id='word_1_210' title='bbox 1228 3531 1350 3592; x_wconf 82' lang='lat' dir='ltr'><strong>nomine</strong></span> <span class='ocrx_word' id='word_1_211' title='bbox 1368 3541 1522 3614; x_wconf 76' lang='lat' dir='ltr'><strong>genuerat.</strong></span> 
     </span>
     <span class='ocr_line' id='line_1_27' title="bbox 340 3633 1624 3720; baseline -0.001 -23"><span class='ocrx_word' id='word_1_212' title='bbox 340 3637 398 3700; x_wconf 86' lang='lat' dir='ltr'><strong>sibi</strong></span> <span class='ocrx_word' id='word_1_213' title='bbox 413 3639 569 3718; x_wconf 80' lang='lat' dir='ltr'><strong>elegerunt</strong></span> <span class='ocrx_word' id='word_1_214' title='bbox 585 3655 695 3719; x_wconf 82' lang='lat' dir='ltr'><strong>regem.</strong></span> <span class='ocrx_word' id='word_1_215' title='bbox 1072 3639 1188 3701; x_wconf 59' lang='grc' dir='ltr'><strong>ὅ(ἶιωαν</strong></span> <span class='ocrx_word' id='word_1_216' title='bbox 1201 3663 1236 3698; x_wconf 78' lang='lat' dir='ltr'><strong>er</strong></span> <span class='ocrx_word' id='word_1_217' title='bbox 1250 3637 1505 3718; x_wconf 74' lang='lat' dir='ltr'><strong>Gonm&#39;ldastleitm</strong></span> <span class='ocrx_word' id='word_1_218' title='bbox 1523 3677 1544 3720; x_wconf 82' lang='lat'><strong>·.·</strong></span> <span class='ocrx_word' id='word_1_219' title='bbox 1555 3633 1624 3716; x_wconf 69' lang='lat' dir='ltr'><strong>Mag·</strong></span> 
     </span>
     <span class='ocr_line' id='line_1_28' title="bbox 389 3731 1624 3829; baseline -0.012 -24"><span class='ocrx_word' id='word_1_220' title='bbox 389 3749 396 3780; x_wconf 85' lang='lat'><strong>¹</strong></span> <span class='ocrx_word' id='word_1_221' title='bbox 410 3739 531 3818; x_wconf 78' lang='lat' dir='ltr'><strong>Alut&#39;rro]</strong></span> <span class='ocrx_word' id='word_1_222' title='bbox 545 3739 603 3802; x_wconf 87' lang='lat' dir='ltr'><strong>Ed.</strong></span> <span class='ocrx_word' id='word_1_223' title='bbox 614 3765 660 3825; x_wconf 86' lang='lat' dir='ltr'><strong>pr.</strong></span> <span class='ocrx_word' id='word_1_224' title='bbox 672 3743 874 3806; x_wconf 78' lang='lat' dir='ltr'><strong>lnconslaniltt</strong></span> <span class='ocrx_word' id='word_1_225' title='bbox 892 3741 965 3806; x_wconf 74' lang='lat' dir='ltr'><strong>scel·</strong></span> <span class='ocrx_word' id='word_1_226' title='bbox 1025 3770 1091 3806; x_wconf 81' lang='lat' dir='ltr'><strong>rmm</strong></span> <span class='ocrx_word' id='word_1_227' title='bbox 1106 3741 1245 3829; x_wconf 76' lang='lat' dir='ltr'><strong>suscepit]</strong></span> <span class='ocrx_word' id='word_1_228' title='bbox 1255 3743 1379 3806; x_wconf 78' lang='lat' dir='ltr'><strong>Certum</strong></span> <span class='ocrx_word' id='word_1_229' title='bbox 1395 3753 1453 3822; x_wconf 68' lang='lat' dir='ltr'><strong>cst,</strong></span> <span class='ocrx_word' id='word_1_230' title='bbox 1471 3731 1624 3802; x_wconf 79' lang='lat' dir='ltr'><strong>Gonnildetn</strong></span> 
     </span>
     <span class='ocr_line' id='line_1_29' title="bbox 339 3842 1624 3932; baseline -0.01 -18"><span class='ocrx_word' id='word_1_231' title='bbox 339 3849 430 3914; x_wconf 89' lang='lat' dir='ltr'><strong>bendi</strong></span> <span class='ocrx_word' id='word_1_232' title='bbox 447 3847 538 3910; x_wconf 83' lang='lat' dir='ltr'><strong>habet</strong></span> <span class='ocrx_word' id='word_1_233' title='bbox 550 3851 671 3912; x_wconf 75' lang='lat' dir='ltr'><strong>Adrion.</strong></span> <span class='ocrx_word' id='word_1_234' title='bbox 1026 3849 1163 3912; x_wconf 85' lang='lat' dir='ltr'><strong>nonnisi</strong></span> <span class='ocrx_word' id='word_1_235' title='bbox 1184 3849 1277 3912; x_wconf 84' lang='lat' dir='ltr'><strong>liliam</strong></span> <span class='ocrx_word' id='word_1_236' title='bbox 1301 3849 1456 3932; x_wconf 78' lang='lat' dir='ltr'><strong>genuisse,</strong></span> <span class='ocrx_word' id='word_1_237' title='bbox 1481 3842 1624 3912; x_wconf 77' lang='lat' dir='ltr'><strong>Beatrteou</strong></span> 
     </span>
     <span class='ocr_line' id='line_1_30' title="bbox 385 3945 1625 4044; baseline -0.007 -28"><span class='ocrx_word' id='word_1_238' title='bbox 385 3957 555 4025; x_wconf 65' lang='grc' dir='ltr'><strong>2ΕεινίῐΙιιι,</strong></span> <span class='ocrx_word' id='word_1_239' title='bbox 567 3957 661 4034; x_wconf 72' lang='lat' dir='ltr'><strong>fillium</strong></span> <span class='ocrx_word' id='word_1_240' title='bbox 681 3959 835 4017; x_wconf 81' lang='lat' dir='ltr'><strong>Soenonem</strong></span> <span class='ocrx_word' id='word_1_241' title='bbox 861 3953 961 4032; x_wconf 63' lang='lat' dir='ltr'><strong>eruero]</strong></span> <span class='ocrx_word' id='word_1_242' title='bbox 1025 3953 1146 4034; x_wconf 80' lang='lat' dir='ltr'><strong>(liciam,</strong></span> <span class='ocrx_word' id='word_1_243' title='bbox 1166 3977 1235 4038; x_wconf 75' lang='lat' dir='ltr'><strong>quat</strong></span> <span class='ocrx_word' id='word_1_244' title='bbox 1259 3953 1423 4017; x_wconf 65' lang='lat' dir='ltr'><strong>elblsallsstt</strong></span> <span class='ocrx_word' id='word_1_245' title='bbox 1445 3945 1625 4044; x_wconf 76' lang='lat' dir='ltr'><strong>Quedlittbttt-</strong></span> 
     </span>
     <span class='ocr_line' id='line_1_31' title="bbox 338 4059 1625 4146; baseline -0.014 -20"><span class='ocrx_word' id='word_1_246' title='bbox 338 4067 493 4127; x_wconf 89' lang='lat' dir='ltr'><strong>Snorrone</strong></span> <span class='ocrx_word' id='word_1_247' title='bbox 524 4073 600 4122; x_wconf 89' lang='lat' dir='ltr'><strong>teste</strong></span> <span class='ocrx_word' id='word_1_248' title='bbox 625 4063 724 4124; x_wconf 82' lang='lat' dir='ltr'><strong>Sveno</strong></span> <span class='ocrx_word' id='word_1_249' title='bbox 760 4061 904 4124; x_wconf 85' lang='lat' dir='ltr'><strong>Estritius</strong></span> <span class='ocrx_word' id='word_1_250' title='bbox 932 4073 963 4122; x_wconf 86' lang='lat' dir='ltr'><strong>et</strong></span> <span class='ocrx_word' id='word_1_251' title='bbox 1024 4061 1122 4146; x_wconf 82' lang='lat' dir='ltr'><strong>gensis</strong></span> <span class='ocrx_word' id='word_1_252' title='bbox 1154 4061 1242 4146; x_wconf 87' lang='lat' dir='ltr'><strong>prole</strong></span> <span class='ocrx_word' id='word_1_253' title='bbox 1282 4059 1423 4125; x_wconf 81' lang='lat' dir='ltr'><strong>caruerit.</strong></span> <span class='ocrx_word' id='word_1_254' title='bbox 1499 4059 1625 4120; x_wconf 86' lang='lat' dir='ltr'><strong>lncertunt</strong></span> 
     </span>
     <span class='ocr_line' id='line_1_32' title="bbox 338 4143 1624 4250; baseline -0.014 -16"><span class='ocrx_word' id='word_1_255' title='bbox 338 4169 568 4234; x_wconf 80' lang='lat' dir='ltr'><strong>llerdeconutus</strong></span> <span class='ocrx_word' id='word_1_256' title='bbox 589 4179 679 4246; x_wconf 74' lang='lat' dir='ltr'><strong>aetate</strong></span> <span class='ocrx_word' id='word_1_257' title='bbox 709 4181 795 4229; x_wconf 82' lang='lat' dir='ltr'><strong>erant</strong></span> <span class='ocrx_word' id='word_1_258' title='bbox 832 4167 963 4250; x_wconf 74' lang='lat' dir='ltr'><strong>eeqttales</strong></span> <span class='ocrx_word' id='word_1_259' title='bbox 1024 4189 1097 4230; x_wconf 88' lang='lat' dir='ltr'><strong>vero</strong></span> <span class='ocrx_word' id='word_1_260' title='bbox 1112 4179 1173 4242; x_wconf 86' lang='lat' dir='ltr'><strong>est,</strong></span> <span class='ocrx_word' id='word_1_261' title='bbox 1196 4167 1275 4230; x_wconf 87' lang='lat' dir='ltr'><strong>unde</strong></span> <span class='ocrx_word' id='word_1_262' title='bbox 1298 4171 1408 4230; x_wconf 87' lang='lat' dir='ltr'><strong>Noster</strong></span> <span class='ocrx_word' id='word_1_263' title='bbox 1429 4143 1481 4230; x_wconf 83' lang='lat' dir='ltr'><strong>sno</strong></span> <span class='ocrx_word' id='word_1_264' title='bbox 1501 4153 1624 4224; x_wconf 69' lang='lat' dir='ltr'><strong>sumserit</strong></span> 
     </span>
     <span class='ocr_line' id='line_1_33' title="bbox 338 4255 1627 4359; baseline -0.01 -21"><span class='ocrx_word' id='word_1_265' title='bbox 338 4277 432 4358; x_wconf 87' lang='lat' dir='ltr'><strong>(Hist.</strong></span> <span class='ocrx_word' id='word_1_266' title='bbox 451 4293 513 4359; x_wconf 79' lang='lat' dir='ltr'><strong>reg.</strong></span> <span class='ocrx_word' id='word_1_267' title='bbox 528 4277 660 4357; x_wconf 80' lang='lat' dir='ltr'><strong>Norreg.</strong></span> <span class='ocrx_word' id='word_1_268' title='bbox 679 4275 739 4336; x_wconf 89' lang='lat' dir='ltr'><strong>vol.</strong></span> <span class='ocrx_word' id='word_1_269' title='bbox 753 4279 777 4336; x_wconf 97' lang='lat' dir='ltr'><strong>ll</strong></span> <span class='ocrx_word' id='word_1_270' title='bbox 792 4298 821 4358; x_wconf 92' lang='lat' dir='ltr'><strong>p.</strong></span> <span class='ocrx_word' id='word_1_271' title='bbox 838 4271 923 4352; x_wconf 71' lang='lat'><strong>260).</strong></span> <span class='ocrx_word' id='word_1_272' title='bbox 1024 4274 1197 4358; x_wconf 86' lang='lat' dir='ltr'><strong>Suspicatus</strong></span> <span class='ocrx_word' id='word_1_273' title='bbox 1214 4286 1258 4336; x_wconf 85' lang='lat' dir='ltr'><strong>est</strong></span> <span class='ocrx_word' id='word_1_274' title='bbox 1281 4273 1424 4335; x_wconf 83' lang='lat' dir='ltr'><strong>Sulrmius</strong></span> <span class='ocrx_word' id='word_1_275' title='bbox 1445 4267 1582 4348; x_wconf 83' lang='lat' dir='ltr'><strong>(Historie</strong></span> <span class='ocrx_word' id='word_1_276' title='bbox 1601 4255 1627 4320; x_wconf 78' lang='lat' dir='ltr'><strong>tl</strong></span> 
     </span>
     <span class='ocr_line' id='line_1_34' title="bbox 383 4374 1624 4461; baseline -0.011 -16"><span class='ocrx_word' id='word_1_277' title='bbox 383 4385 597 4446; x_wconf 83' lang='lat' dir='ltr'><strong>³Sororem..</strong></span> <span class='ocrx_word' id='word_1_278' title='bbox 625 4381 823 4441; x_wconf 80' lang='lat' dir='ltr'><strong>Godeou&#39;no..</strong></span> <span class='ocrx_word' id='word_1_279' title='bbox 844 4375 962 4461; x_wconf 29' lang='lat' dir='ltr'><strong>Jffurtmt]</strong></span> <span class='ocrx_word' id='word_1_280' title='bbox 1024 4375 1311 4442; x_wconf 65' lang='lat' dir='ltr'><strong>naamathitis.</strong></span> <span class='ocrx_word' id='word_1_281' title='bbox 1326 4374 1391 4456; x_wconf 69' lang='lat'><strong>24),</strong></span> <span class='ocrx_word' id='word_1_282' title='bbox 1415 4381 1624 4442; x_wconf 78' lang='lat' dir='ltr'><strong>saxonemeon·</strong></span> 
     </span>
     <span class='ocr_line' id='line_1_35' title="bbox 337 4467 1623 4555; baseline -0.016 0"><span class='ocrx_word' id='word_1_283' title='bbox 337 4495 434 4555; x_wconf 82' lang='lat' dir='ltr'><strong>Soror</strong></span> <span class='ocrx_word' id='word_1_284' title='bbox 448 4484 575 4552; x_wconf 83' lang='lat' dir='ltr'><strong>Ulrorus</strong></span> <span class='ocrx_word' id='word_1_285' title='bbox 590 4497 655 4546; x_wconf 81' lang='lat' dir='ltr'><strong>eret</strong></span> <span class='ocrx_word' id='word_1_286' title='bbox 669 4486 762 4547; x_wconf 81' lang='lat' dir='ltr'><strong>Grde</strong></span> <span class='ocrx_word' id='word_1_287' title='bbox 803 4490 849 4547; x_wconf 90' lang='lat' dir='ltr'><strong>lle</strong></span> <span class='ocrx_word' id='word_1_288' title='bbox 864 4484 993 4549; x_wconf 81' lang='lat' dir='ltr'><strong>Gode</strong></span> <span class='ocrx_word' id='word_1_289' title='bbox 1025 4483 1137 4549; x_wconf 77' lang='lat' dir='ltr'><strong>fudisse</strong></span> <span class='ocrx_word' id='word_1_290' title='bbox 1156 4483 1340 4547; x_wconf 83' lang='lat' dir='ltr'><strong>Gunhrldnm</strong></span> <span class='ocrx_word' id='word_1_291' title='bbox 1362 4492 1432 4546; x_wconf 83' lang='lat' dir='ltr'><strong>crim</strong></span> <span class='ocrx_word' id='word_1_292' title='bbox 1447 4467 1623 4546; x_wconf 47' lang='lat' dir='ltr'><strong>Ull&#39;hildestli</strong></span> 
     </span>
     <span class='ocr_line' id='line_1_36' title="bbox 336 4571 1622 4675; baseline -0.012 -18"><span class='ocrx_word' id='word_1_293' title='bbox 336 4597 419 4658; x_wconf 81' lang='lat' dir='ltr'><strong>wino</strong></span> <span class='ocrx_word' id='word_1_294' title='bbox 445 4593 539 4655; x_wconf 82' lang='lat' dir='ltr'><strong>multe</strong></span> <span class='ocrx_word' id='word_1_295' title='bbox 571 4603 733 4654; x_wconf 84' lang='lat' dir='ltr'><strong>narrantur</strong></span> <span class='ocrx_word' id='word_1_296' title='bbox 769 4591 801 4654; x_wconf 88' lang='lat' dir='ltr'><strong>in</strong></span> <span class='ocrx_word' id='word_1_297' title='bbox 837 4591 963 4654; x_wconf 85' lang='lat' dir='ltr'><strong>historie</strong></span> <span class='ocrx_word' id='word_1_298' title='bbox 1026 4591 1063 4653; x_wconf 82' lang='lat' dir='ltr'><strong>lm</strong></span> <span class='ocrx_word' id='word_1_299' title='bbox 1081 4591 1170 4654; x_wconf 82' lang='lat' dir='ltr'><strong>Olnvr</strong></span> <span class='ocrx_word' id='word_1_300' title='bbox 1188 4591 1308 4668; x_wconf 72' lang='lat' dir='ltr'><strong>Sancti</strong></span> <span class='ocrx_word' id='word_1_301' title='bbox 1332 4611 1399 4675; x_wconf 74' lang='lat' dir='ltr'><strong>qum</strong></span> <span class='ocrx_word' id='word_1_302' title='bbox 1422 4571 1622 4653; x_wconf 80' lang='lat' dir='ltr'><strong>Orduttoduti</strong></span> 
     </span>
    </p>
   </div>
   <div class='ocr_carea' id='block_1_4' title="bbox 335 4681 1712 4784">
    <p class='ocr_par' dir='ltr' id='par_1_4' title="bbox 335 4681 1712 4784">
     <span class='ocr_line' id='line_1_37' title="bbox 335 4681 1712 4784; baseline -0.011 -21"><span class='ocrx_word' id='word_1_303' title='bbox 335 4698 651 4784; x_wconf 78' lang='lat' dir='ltr'><strong>llnytlingorumcsp.</strong></span> <span class='ocrx_word' id='word_1_304' title='bbox 662 4695 695 4762; x_wconf 90' lang='grc'><strong>11</strong></span> <span class='ocrx_word' id='word_1_305' title='bbox 716 4699 791 4772; x_wconf 90' lang='lat' dir='ltr'><strong>etin</strong></span> <span class='ocrx_word' id='word_1_306' title='bbox 810 4698 965 4761; x_wconf 81' lang='lat' dir='ltr'><strong>annalibus</strong></span> <span class='ocrx_word' id='word_1_307' title='bbox 1025 4699 1163 4760; x_wconf 71' lang='lat' dir='ltr'><strong>Senoniae</strong></span> <span class='ocrx_word' id='word_1_308' title='bbox 1191 4695 1371 4782; x_wconf 76' lang='lat' dir='ltr'><strong>desponsata</strong></span> <span class='ocrx_word' id='word_1_309' title='bbox 1399 4717 1437 4759; x_wconf 81' lang='lat' dir='ltr'><strong>ex</strong></span> <span class='ocrx_word' id='word_1_310' title='bbox 1467 4713 1504 4756; x_wconf 86' lang='lat' dir='ltr'><strong>eo</strong></span> <span class='ocrx_word' id='word_1_311' title='bbox 1524 4681 1622 4774; x_wconf 70' lang='lat' dir='ltr'><strong>pepuli</strong></span> <span class='ocrx_word' id='word_1_312' title='bbox 1711 4703 1712 4734; x_wconf 69' lang='lat' dir='ltr'><strong>l</strong></span> 
     </span>
    </p>
   </div>
   <div class='ocr_carea' id='block_1_5' title="bbox 338 4805 1173 4888">
    <p class='ocr_par' dir='ltr' id='par_1_5' title="bbox 338 4805 1173 4888">
     <span class='ocr_line' id='line_1_38' title="bbox 338 4805 1173 4888; baseline -0.002 -21.988"><span class='ocrx_word' id='word_1_313' title='bbox 338 4805 517 4888; x_wconf 71' lang='lat' dir='ltr'><strong>Anglornm.</strong></span> <span class='ocrx_word' id='word_1_314' title='bbox 693 4807 696 4814; x_wconf 87' lang='grc'><strong>’</strong></span> <span class='ocrx_word' id='word_1_315' title='bbox 1024 4809 1173 4886; x_wconf 72' lang='lat' dir='ltr'><strong>Magnum.</strong></span> 
     </span>
    </p>
   </div>
   <div class='ocr_carea' id='block_1_6' title="bbox 0 0 1758 5458">
    <p class='ocr_par' dir='ltr' id='par_1_6' title="bbox 0 0 1758 5458">
     <span class='ocr_line' id='line_1_39' title="bbox 0 0 1758 5458; baseline 0 1"><span class='ocrx_word' id='word_1_316' title='bbox 0 0 1758 5458; x_wconf 95' lang='lat' dir='ltr'><strong> </strong></span> 
     </span>
    </p>
   </div>
  </div>
 </body>
</html>
