3506 5458
418 319 492 394 516
768 321 945 393 HISTOR.
961 321 1068 404 Diri,
1082 323 1220 398 LIBER
1234 325 1279 396 X.

369 549 461 608 stem
477 553 555 604 esse
568 528 701 604 maluit.
739 531 791 603 lta
806 530 993 630 prudentia
1010 557 1052 606 ac
1068 531 1262 608 devotione
1284 533 1558 620 instructissimus
1568 557 1644 633 pro-

369 661 451 755 pior
473 652 631 753 publicae
655 651 816 752 religioni
846 679 956 752 quam
978 661 1120 754 privato
1152 661 1263 728 reatui
1295 653 1397 728 futu.
1455 657 1563 754 Cujus
1583 655 1646 729 laeti

370 779 724 876 circumspectissima
764 783 964 851 sanctitate²
1007 793 1176 852 aeternam
1227 781 1440 876 cognomine
1466 783 1646 850 memoriam

371 900 565 998 usurpavit.
634 897 692 970 Ab
717 897 845 972 eodem
873 925 1025 1000 quoque
1051 899 1275 999 pauperibus
1304 901 1494 997 protectio,
1526 897 1646 998 pupillis

368 1021 489 1114 tutela,
503 1017 714 1094 sacerdotali
729 1019 847 1094 ordini
861 1025 1052 1114 veneratio,
1069 1019 1361 1096 detrimentorum
1377 1017 1542 1096 violentia
1551 1021 1646 1094 laces-

368 1145 461 1218 εἰῑίε3
487 1141 644 1216 subsidia
671 1145 937 1244 praebebantur.
1002 1149 1186 1218 Praeterea·
1203 1168 1246 1217 ex
1272 1150 1408 1242 gremio
1430 1145 1526 1241 ejus,
1561 1143 1647 1218 veut

367 1264 529 1366 quodam
550 1267 799 1342 munificentias
823 1267 937 1359 lente,
967 1267 1157 1366 complura
1185 1267 1253 1340 alia
1278 1269 1449 1342 virtutum
1475 1263 1647 1364 spectacula

368 1403 612 1463 manaverunt.
665 1393 752 1463 Haec
766 1388 955 1482 hactenus,
977 1393 1064 1488 quia
1093 1389 1243 1489 publico
1260 1389 1357 1462 cultu
1376 1403 1571 1478 consecratu
1581 1391 1646 1484 pic·

367 1528 420 1585 tes
435 1514 581 1611 privatae
596 1509 712 1585 laudis
733 1537 844 1611 egena
861 1537 934 1586 non
954 1528 1016 1586 est.

501 1639 546 1706 At
559 1631 663 1726 Utro,
680 1633 730 1707 ob
745 1637 881 1708 virtutis
893 1635 1154 1709 aemulationem
1163 1633 1335 1732 gravibus
1347 1633 1384 1705 in
1400 1635 1568 1705 Canutum
1577 1627 1646 1700 odiis

369 1755 555 1848 efferatus,
581 1759 664 1854 quia
685 1773 764 1830 tuto
790 1760 985 1832 inimicitias
1003 1781 1124 1859 gerere
1148 1755 1339 1853 nequibat,
1365 1779 1444 1853 quo
1465 1755 1645 1826 effimeiores

368 1879 513 1955 insidias
530 1891 694 1973 necteret,
712 1883 985 1954 instrumentum
1005 1878 1079 1952 doli
1097 1877 1322 1952 simulatione
1338 1877 1445 1950 officii
1463 1879 1549 1951 terit.
1573 1877 1644 1948 Ste-

368 2003 413 2077 tis
429 2004 523 2075 enim
540 2000 681 2076 assidue
695 2003 858 2074 Scaniam
873 2001 1171 2100 irrumpentibus,
1203 2003 1340 2098 primus
1364 2000 1413 2073 ad
1430 2000 1644 2097 constringen-

369 2121 438 2198 dos
453 2126 538 2197 eos⁴
555 2122 732 2223 proficisci
746 2127 933 2222 poposcit,
956 2125 1227 2224 impetratisque
1242 2125 1341 2221 petiti
1366 2123 1542 2197 ministerii
1557 2118 1643 2220 perti·

368 2246 452 2339 bus,
476 2243 678 2338 Estritham,
701 2271 928 2345 quaeeunque
957 2251 1177 2347 imperasset,
1202 2247 1330 2342 exequi
1353 2243 1464 2318 literis
1485 2241 1644 2343 signatorio

369 2367 502 2452 annulo
521 2369 703 2466 impressis
718 2368 838 2466 juberi
855 2373 986 2467 petivit.
1038 2368 1178 2463 Quibus
1194 2369 1360 2465 acceptis,
1369 2371 1535 2442 continuo
1543 2367 1643 2436 mani·

368 2493 530 2565 monium
545 2491 622 2589 ejus
636 2489 1029 2591 postulareaggressus,
1045 2497 1096 2564 rei
1111 2488 1249 2564 bellice
1258 2489 1468 2564 mandatum
1483 2487 1528 2560 ad
1545 2485 1642 2584 nupti-

368 2639 473 2690 arum
489 2635 615 2712 preces
632 2613 824 2706 transtulit,
848 2612 1153 2712 libidinosumque
1176 2639 1286 2713 qnam
1310 2630 1496 2688 strenuum
1521 2609 1642 2711 legatio-
1712 2669 1713 2700 ,

367 2739 425 2812 nis
440 2739 635 2812 ministrum
651 2761 757 2837 agere
771 2740 882 2812 satius
899 2736 1009 2812 duxit.
1043 2742 1162 2831 Quam
1174 2761 1251 2810 rem
1265 2736 1424 2811 Estritha
1448 2758 1568 2808 arcano
1583 2730 1641 2804 ira·

368 2865 432 2936 tris
445 2843 597 2962 imperio
613 2875 888 2934 consentaneam
901 2877 989 2952 rata,
1004 2859 1246 2959 perseveranti
1263 2883 1469 2959 repugnare
1483 2879 1577 2956 passa
1587 2875 1641 2924 non

368 2997 432 3057 est.
482 2986 534 3056 Ita
550 2977 684 3057 versuti
700 2980 800 3054 ducis
818 2984 967 3076 animus,
980 2982 1137 3081 impulsu
1154 2983 1248 3082 capti
1270 2981 1340 3056 odii
1358 2987 1554 3074 instinctus,
1576 3003 1640 3054 cot-
1711 3017 1712 3036 .

368 3119 476 3204 rupto
493 3101 679 3204 legationis
704 3102 831 3199 officio,
856 3105 986 3206 lingvae
1001 3103 1260 3196 volubilitatel,
1294 3129 1370 3203 qua
1395 3104 1581 3206 plurimum
1591 3123 1640 3175 n·

368 3223 446 3320 luit,
475 3223 594 3314 fratris
611 3252 653 3301 ac
668 3233 803 3303 sororis
827 3227 1072 3305 credulitatem
1093 3225 1235 3304 nelariis
1251 3224 1414 3327 perfidiae
1438 3227 1568 3328 laqueis
1584 3223 1639 3298 cir·

415 3500 579 3584 'Propior
590 3501 715 3586 publicet
742 3503 880 3586 religioni
907 3521 992 3584 quom
1047 3501 1168 3561 Decreti
1196 3501 1482 3586 circumspectissima
1522 3499 1638 3562 sunstw

363 3605 486 3690 prs‘tsato
503 3609 601 3665 reatui
608 3603 690 3691 suis]
703 3604 736 3668 ld
750 3618 812 3669 ests
832 3606 928 3689 Magis
943 3627 992 3668 re·
1049 3607 1168 3691 impium
1181 3628 1255 3691 opus
1271 3610 1404 3666 retexuit.
1426 3603 1477 3684 (S)

367 3707 483 3771 tionem
490 3705 595 3771 habuit
606 3709 761 3794 religionis
768 3712 991 3796 publicae(con·
1100 3713 1359 3782 ’Detrimensorusn
1364 3713 1503 3773 violentiis
1516 3697 1638 3776 lacessiit]

366 3811 537 3896 smsentlea)
556 3829 647 3899 qnam
675 3816 722 3878 sui
748 3831 848 3882 reatus
869 3817 986 3898 (occub
1048 3816 1151 3882 vater.
1166 3820 1242 3878 Man
1263 3814 1315 3878 lib.
1330 3811 1362 3895 4,
1379 3811 1412 3892 8,
1434 3829 1493 3878 ext.
1510 3813 1543 3876 2:
1565 3811 1638 3874 Sslsi·
1709 3821 1710 3828 ’

294 3915 298 3932 “
367 3916 498 3982 tendiet
511 3919 789 4004 impunelerendi).
811 3924 989 3987 Pbrasisest
1049 3922 1101 3982 dtis
1120 3922 1353 3986 &crementorum
1378 3926 1495 3984 incursu
1523 3916 1637 4003 quassatis

366 4025 537 4094 Valeriane.
552 4027 649 4090 Ltus
668 4047 732 4114 cap.
749 4025 844 4108 1‚10=
861 4035 990 4117 Propior
1048 4027 1253 4109 erogabantur.
1269 4026 1320 4108 (S)

361 4135 486 4221 publicae
502 4135 992 4222 rels'gs'ons'quomprivutoecaritati.
1099 4131 1174 4193 *Ad
1192 4135 1430 4215 constringendos
1456 4128 1515 4208 eos]
1534 4123 1588 4190 Ed.
1602 4141 1636 4206 Pl·
1708 4179 1709 4184 .

412 4241 613 4324 ’Cujossoeo'
625 4245 909 4328 circumspectissimo
924 4267 993 4306 san·
1047 4236 1139 4301 habet
1157 4239 1201 4300 od
1211 4240 1464 4321 constringendam
1480 4261 1541 4299 rene

365 4343 483 4426 etitete]
499 4347 588 4408 Latet
601 4344 633 4406 in
645 4344 707 4408 boc
722 4345 860 4431 epitheto
876 4345 990 4432 aliquid
1096 4350 1107 4383 ‘
1131 4349 1252 4428 Linguae
1273 4341 1466 4424 volubilitate]
1487 4333 1635 4408 Votutttiu

365 4449 570 4516 venerationis
597 4462 629 4514 et
656 4464 791 4535 augustae
815 4450 990 4535 mejestatis.
1048 4449 1161 4532 lingum
1189 4449 1314 4534 proprie
1344 4448 1492 4536 significet
1512 4452 1634 4531 proutw

365 4557 541 4620 Ammianus
581 4558 774 4622 Marcellinus
813 4555 866 4620 lib.
903 4561 994 4626 x1v=
1048 4554 1168 4618 dicendi
1185 4553 1373 4636 facilitatem,
1399 4577 1467 4642 quse
1482 4571 1574 4618 eoram
1588 4559 1634 4607 Ν

364 4665 477 4748 Populi
491 4667 619 4728 Romani
632 4687 734 4726 norun
756 4669 991 4752 circumpectum
1048 4664 1142 4742 solet,
1162 4665 1215 4748 qui
1240 4665 1342 4728 multis
1366 4663 1463 4728 verbis
1475 4653 1633 4745 prauus·

364 4785 395 4833 et
406 4770 569 4832 uerendum·
618 4768 680 4830 Sed
698 4771 776 4834 saxo
796 4769 930 4834 imitatus
943 4783 991 4836 est
1048 4769 1233 4834 readicent.
1264 4755 1632 4852 (S)1tetttvooeoootu
1706 4789 1707 4838 q

364 4872 990 4959 soomVateriuuttmtib.terp.1,40=
1047 4875 1266 4962 ptorantem
1283 4876 1364 4942 nutis
1380 4875 1461 4942 uber.
