3442 5456
621 311 807 382 rnorno
822 310 888 402 21v.
1209 301 1211 308 ‘
1288 309 1360 383 ιιι

101 521 202 621 apud
229 545 296 596 nos
323 515 521 594 earundem
545 519 747 592 nominibus
762 531 964 606 censestur,
994 543 1078 592 com
1103 522 1187 618 ipsis
1208 521 1414 594 Latinorum

100 660 239 720 veteres
262 644 378 718 siren
403 638 558 712 deorum
574 663 724 715 suorum
744 637 929 714 vocabulis
943 647 1019 714 sive
1032 667 1053 714 a
1068 657 1221 740 septeno
1248 639 1415 738 planeta-

98 768 182 840 ru'm
197 789 351 839 numero
370 767 674 860 nuncupationem
690 761 895 862 singulatim
909 762 1099 858 adoptasse
1109 779 1315 837 noscantur.
1340 767 1416 840 Eos

98 905 232 979 museo,
252 888 352 985 quia
369 884 499 957 nostris
513 883 735 975 colebantur,
752 907 936 980 nonesse,
967 907 1061 982 quos
1078 885 1324 960 Romanorum
1347 911 1414 960 ve-

100 1011 281 1084 tustissimi
299 1011 427 1080 Jcrem
449 1007 739 1105 Mercuriumque
754 1007 886 1099 disere,
913 1007 972 1080 vel
997 1005 1133 1105 quibos
1152 1010 1415 1084 Gracia-‘Lasi-

100 1155 239 1231 umque
256 1131 407 1232 plenum
429 1131 690 1229 superstitionis
707 1127 925 1227 obsequium
946 1129 1186 1222 exsolverunt,
1210 1156 1253 1203 es
1269 1131 1349 1230 ipsa
1365 1131 1416 1205 li-

97 1253 216 1353 quido
236 1253 405 1330 feriarum
422 1251 662 1352 appellatione
676 1249 863 1352 colligitur.
923 1256 975 1324 Ea
992 1253 1097 1340 enim,
1120 1275 1203 1349 quae
1218 1252 1416 1351 opudnc-

99 1392 196 1450 stros
220 1376 320 1452 Tlrcr
344 1375 403 1450 ael
418 1375 538 1450 Othirii
561 1373 638 1448 dies
659 1373 809 1462 dicitur,
831 1372 933 1472 apud
951 1372 1030 1448 illos
1052 1375 1153 1448 Jovis
1181 1375 1237 1448 vel
1265 1379 1416 1454 Mersu-

98 1500 141 1570 rii
161 1499 250 1572 lesia
264 1515 505 1597 nuncupatur.
560 1501 594 1570 Si
614 1521 703 1594 crgo
716 1495 816 1569 Thor
839 1499 977 1586 iovem,
997 1492 1164 1569 Otlrinum
1187 1499 1416 1592 Mercurium,

98 1623 202 1720 juxto
218 1619 409 1722 designatae
427 1619 726 1718 inteipretstionis
742 1617 1002 1693 distinctionem
1020 1624 1232 1716 accipimus,
1255 1639 1417 1696 manente

98 1758 309 1816 nostrorum
328 1748 532 1833 assentione,
548 1744 678 1816 iorem
693 1741 857 1814 Mercurii
875 1739 991 1814 filium
1012 1745 1167 1814 extitisse
1188 1745 1417 1840 convincitur,

98 1861 203 1962 apud
234 1888 327 1962 quos
359 1864 459 1939 Thor
484 1861 616 1938 Othino
652 1867 794 1963 genitus
828 1861 970 1960 vulgari
999 1863 1169 1936 sententia
1194 1865 1417 1964 perhibetur.

99 1989 198 2058 Cum
212 2011 300 2087 ergo
313 1989 427 2060 Latini
444 1991 621 2060 contrario
647 1987 825 2084 opinionis
848 2000 971 2058 tenore
986 1987 1205 2060 Mercurium
1221 1989 1416 2064 Jove-edi-

99 2123 181 2178 tum
200 2125 411 2202 assererent,
433 2125 552 2200 restat,
566 2087 616 2202 ul,
631 2119 815 2182 constante
831 2131 956 2180 eorum
974 2106 1215 2200 affirmatione,
1229 2110 1329 2186 Thcr
1346 2113 1418 2186 ali-

99 2253 166 2303 um
189 2253 301 2328 mam
323 2235 461 2321 Jovem,
485 2229 658 2306 Othinum
673 2254 822 2328 qnoque
842 2231 1021 2302 Mercurio
1050 2232 1244 2306 sentimus
1266 2238 1418 2310 extitisse

98 2351 297 2426 diversum.
333 2354 492 2452 Suntqui
507 2353 636 2443 dicant,
651 2352 851 2450 deoqquos
866 2352 976 2424 nostri
987 2349 1142 2442 coluere,
1154 2377 1237 2426 cum
1252 2356 1306 2445 iis,
1323 2379 1418 2456 quos

100 2477 246 2548 Graecia
269 2476 328 2548 vel
358 2479 500 2551 Laium
530 2475 757 2566 celebrabat,
792 2471 909 2547 solum
932 2474 1164 2570 participasse
1187 2476 1419 2576 vocabulum,

99 2594 169 2672 scd
194 2597 280 2671 istos
304 2612 476 2697 tanquam
501 2597 685 2696 majestate
708 2597 905 2695 supparcs¹
930 2593 979 2668 ab
999 2593 1068 2670 illis
1084 2595 1220 2670 cultum
1240 2619 1418 2676 comno-

99 2721 201 2792 snioc
216 2737 399 2795 mutuatos
420 2720 540 2796 icisse.
604 2725 650 2794 Et
665 2718 746 2794 haec
770 2742 880 2817 super
901 2721 1043 2792 Danicse
1059 2726 1247 2796 vetustatis·
1255 2721 1419 2798 numini·-
1517 2813 1522 2824 Ι

98 2841 176 2916 bus
192 2841 402 2916 disseruisse
417 2843 576 2918 sufficiat.
639 2846 728 2935 Quae
743 2840 826 2914 ideo
842 2840 1027 2939 paulisper
1050 2866 1072 2912 a
1088 2867 1147 2916 me
1168 2844 1206 2916 in
1229 2867 1419 2922 commune

99 2961 261 3037 deducta
285 2981 386 3057 suut,
415 2982 457 3040 ut
480 2964 682 3065 legentibus
703 2961 883 3062 liquidum
904 2961 983 3056 fiat,
1011 2963 1146 3062 quibus
1171 2969 1285 3064 patria
1300 2987 1418 3044 nostre

99 3085 234 3160 ritibus
260 3111 401 3187 pagana
429 3092 675 3188 superstitione
698 3090 864 3186 paruerit.
938 3088 1040 3159 Nunc
1066 3091 1244 3186 propositi
1267 3088 1418 3167 evoti·-
1495 3113 1503 3126 ·

99 3207 232 3282 culum
247 3215 444 3310 repetam2.

150 3495 161 3527 ¹
192 3491 343 3571 Tanquam
387 3489 538 3569 majestate
566 3485 732 3577 'supposed
840 3486 943 3548 ²Ols'sn
965 3489 1040 3550 emin
1062 3489 1180 3568 quadani
1205 3494 1326 3572 magma
1345 3497 1420 3554 crtus
1527 3475 1530 3489 Α

97 3597 270 3681 Suppara,
288 3591 308 3653 ἰ.
329 3610 366 3668 e,
387 3591 470 3656 baud
490 3595 615 3658 omnino
636 3613 733 3679 parca.
794 3592 897 3654 imbus·
913 3593 1047 3652 ...Nunc
1055 3597 1207 3678 propositi
1219 3593 1419 3661 decretulum

97 3695 507 3765 &antonomasiam
528 3699 578 3764 hic
602 3717 667 3764 csse
689 3699 734 3766 ri·
791 3691 935 3783 repeton]
950 3697 1019 3760 Jam
1033 3698 1127 3760 semel
1144 3709 1176 3762 et
1193 3699 1304 3768 iterun
1317 3712 1421 3772 nostsr

100 3806 209 3870 detur.
268 3805 458 3868 Sententiam
488 3807 587 3890 tangit
618 3825 745 3884 corum„
794 3802 826 3866 ia
857 3801 992 3866 historiis
1029 3802 1185 3889 Haddiegi
1215 3818 1247 3868 st
1289 3805 1423 3875 flotberi

100 3910 159 3996 qui
176 3907 321 3988 dixerint,
345 3910 478 3988 numina,
498 3932 568 3995 quse
594 3922 736 3974 venerata
797 3904 972 3972 enarrandis
991 3904 1133 3987 deorum,
1158 3931 1238 3994 quos
1255 3913 1422 3996 prisctcc·
1553 3901 1560 3912 '

100 4029 152 4080 est
169 4013 333 4099 antiquitas
349 4011 497 4094 borealis,
518 4013 611 4078 modo
626 4035 737 4078 nomen
798 4013 855 4076 luit
889 4013 1085 4108 superstitio,
1127 4015 1312 4102 ereptionem
1343 4015 1424 4082 fecc-

100 4124 238 4188 deorum
258 4127 328 4182 cum
351 4117 407 4184 diis
433 4123 611 4186 Graecoram
624 4124 737 4186 Roma·
796 4127 855 4188 rat.
904 4127 992 4188 Nunc
1011 4117 1049 4182 ad
1063 4139 1117 4186 eos
1137 4137 1227 4186 cursu
1241 4121 1423 4186 ornationis

99 4247 281 4312 notamque
308 4243 467 4290 commone
492 4225 647 4306 habuisse,
683 4225 737 4290 sed
797 4225 1108 4302 doctosrcrestitur,
1128 4223 1182 4288 sed
1202 4226 1304 4310 aliquo
1322 4239 1424 4290 tamen

100 4333 262 4420 dignitate
275 4330 435 4396 inferiores
452 4352 563 4397 nomen
578 4330 738 4396 demuma
793 4333 995 4400 discrimine..
1023 4333 1122 4394 Antea
1137 4330 1261 4413 mythos
1274 4329 1313 4396 de
1332 4332 1424 4398 rebus
1468 4332 1472 4341 ’

99 4443 168 4506 diis
190 4443 401 4504 ttomanom-
421 4423 575 4504 mutuatos
601 4455 682 4515 esse,
708 4448 740 4500 et
800 4439 927 4504 deorum
942 4435 1128 4503 iaVslbrlls
1149 4436 1242 4520 gestis
1264 4457 1321 4502 ocu
1342 4458 1425 4504 raras

101 4570 183 4614 cum
205 4545 328 4638 nomine
347 4543 407 4606 boc
425 4562 563 4628 quoque,
591 4554 626 4606 ut
647 4541 743 4606 relati
800 4543 941 4608 historias
967 4540 1007 4606 sd
1027 4541 1150 4625 regulos
1164 4543 1272 4612 Danioe
1294 4543 1425 4625 ndns,

103 4654 163 4720 isti
181 4650 224 4714 dii
238 4639 332 4716 certis
341 4647 633 4734 septimanediebm
645 4645 741 4712 noni·
800 4635 949 4734 atque'ita
969 4645 1127 4712 annalibus
1142 4647 1241 4732 gestis
1260 4671 1323 4714 sun
1345 4651 1424 4716 isse·

105 4755 292 4822 undarent.
801 4773 870 4820 stre
894 4752 1068 4830 studuerat,
1101 4774 1193 4824 nunc.
1209 4773 1281 4822 reso
1301 4755 1425 4840 stdnqit

1099 4909 1103 4920 ·
1136 4861 1236 4957 (ιδ’)
