3506 5458
625 380 628 391 .
668 319 884 396 CANUTUS.
1307 325 1381 402 509

120 531 356 608 debriioribus
371 535 502 634 regnis,
518 533 655 608 ferrum
670 532 815 632 injicere
831 531 959 604 statuit.
1003 535 1165 626 Quarum
1179 533 1325 608 aiterum
1339 535 1431 609 Sve-

118 679 189 744 no,
208 661 344 730 tametsi
367 679 496 756 graves
517 655 667 754 injurias
698 675 846 754 passus,
877 653 1044 730 obstante
1068 657 1248 758 religionis
1275 657 1432 744 amenio,

117 795 308 854 concutere
325 776 559 873 formidabam
587 776 710 870 altera,
736 778 968 876 ebflaquino
989 786 1201 876 oppressa¹,
1234 783 1432 882 absumpto

116 925 173 993 co,
196 901 350 976 rebelles
367 903 479 975 Danis
501 923 629 974 manus
646 907 812 975 exercuit.
865 897 1020 974 Solerter
1041 907 1192 1002 igiurra
1217 907 1343 979 Dnnici
1366 926 1432 979 re-

114 1027 258 1126 giminis
273 1047 477 1099 successore
493 1027 681 1122 provisum
702 1038 767 1114 est,
788 1037 829 1096 ut
843 1023 880 1094 in
894 1018 964 1095 bac
978 1026 1117 1122 paterni
1138 1029 1364 1124 gravaminis,
1393 1029 1430 1102 in

115 1147 177 1220 iila
208 1133 415 1222 deiectionis
437 1171 568 1220 noram
598 1146 753 1245 puniret.
826 1149 955 1245 Neque
975 1149 1069 1220 euim
1093 1149 1298 1248 ignorabat,
1324 1150 1432 1224 bonse

115 1269 243 1344 indolis
261 1269 423 1344 habitum
437 1269 485 1343 od
506 1271 682 1368 majorem
697 1270 863 1342 virtutem
879 1267 1135 1368 capessendam
1161 1268 1283 1346 leviori
1309 1297 1430 1346 rerum

115 1397 303 1467 conamine
315 1393 501 1485 roborari,
536 1389 693 1491 ideoque
709 1395 745 1462 in
761 1393 842 1492 ipso
857 1391 991 1466 militiae
1012 1393 1186 1490 tyrocinio
1218 1390 1432 1469 adolescen-

106 1518 200 1589 tiam
215 1541 317 1591 suam
335 1515 457 1616 aliquo
473 1513 777 1614 praeolaroopere
795 1515 972 1612 auspicari
987 1514 1130 1612 cupivit
1190 1517 1264 1590 Nec
1280 1541 1325 1590 eo
1339 1519 1431 1617 qui-

115 1637 200 1712 dem
225 1642 407 1740 segniores
435 1635 681 1713 desertoribus
707 1661 835 1710 monus
862 1635 998 1730 inmlit,
1042 1635 1108 1711 sed
1132 1639 1253 1712 nescio
1279 1639 1431 1715 enideo

115 1768 373 1860 promptiores,
407 1762 493 1860 quia
524 1777 669 1835 strenua
700 1761 861 1859 ingenia,
894 1785 971 1857 quo
995 1757 1079 1859 plus
1102 1765 1331 1859 experimenti
1358 1785 1429 1838 su-

115 1901 229 1974 munt,
243 1882 315 1957 boc
333 1881 381 1956 ad
397 1885 571 1984 insignem
601 1907 753 1982 operam
770 1879 947 1955 edendam
970 1883 1106 1980 majore
1121 1905 1212 1956 ausu
1227 1885 1428 1982 proficient.

115 2008 227 2106 Cujus
234 2007 408 2108 propositi
425 2029 578 2105 compos
594 2029 677 2104 spes
692 2029 787 2096 suas,
800 2001 945 2078 duabus
960 2003 1256 2105 splendidissimis
1272 2008 1428 2086 risoriis

115 2129 236 2222 alitae,
255 2131 392 2203 tertiam
420 2127 468 2202 ab
493 2127 615 2228 Angiis
641 2143 807 2227 expetere
829 2124 962 2201 docuit.
1036 2126 1145 2221 Quod
1166 2143 1206 2202 ut
1225 2138 1431 2231 pmmptius
1523 2173 1530 2194 .

115 2251 350 2353 expediretur,
372 2251 537 2341 Oiavum,
558 2251 748 2352 Norragie
767 2251 990 2350 potitorem2,
1006 2273 1091 2323 cum
1107 2247 1216 2324 fratre
1232 2253 1429 2348 flentem,

115 2580 154 2644 rii
173 2580 283 2645 &noti
303 2581 454 2668 pertinet,
479 2581 535 2646 aed
553 2582 674 2670 potius,
697 2594 743 2648 te·
801 2578 960 2644 tummodo
992 2578 1153 2658 obseurat,
1194 2577 1327 2644 Olaram
1354 2593 1428 2668 post

114 2699 161 2748 ste
183 2687 319 2750 Haurico
342 2688 543 2774 Euntiugdon
563 2686 630 2770 (lib.
652 2691 694 2756 vt
712 2711 744 2774 p.
802 2700 935 2752 mortem
981 2685 1142 2754 Ethelredi
1174 2687 1317 2771 Anglism
1356 2687 1428 2752 reii-

114 2787 187 2870 208,
209 2787 239 2872 6,
261 2790 308 2855 cd.
320 2791 450 2876 Sarilii),
466 2793 504 2858 sd
525 2817 636 2858 anuum
654 2793 743 2860 1019.
802 2793 902 2880 quisse
919 2793 987 2872 (bo.
1000 2817 1030 2879 p.
1041 2789 1110 2873 16);
1125 2791 1259 2856 Adamas
1274 2798 1428 2858 reroBre·

161 2901 228 2961 'Ab
242 2903 381 2984 Hoqusiso
394 2897 548 2989 oppresso]
567 2903 615 2964 De
627 2898 744 2988 Haqui·
800 2899 912 2963 mensis
926 2897 993 2980 (lib.
1002 2903 1027 2962 11
1042 2919 1108 2984 cap.
1123 2895 1190 2978 36),
1210 2896 1346 2964 scribens
1358 2901 1428 2962 Ste-

115 3025 155 3068 uo
171 3001 231 3068 rid.
250 3025 333 3089 supr.
357 3027 388 3090 p.
406 3001 480 3070 48⁵.
802 3031 903 3070 nonem
918 3011 949 3068 iu
959 3007 1099 3090 Angitiam
1114 3007 1231 3068 duxisse
1229 3007 1330 3090 filium
1344 3029 1428 3067 suum
1536 3033 1540 3046 ·

159 3109 660 3202 'OlaoumNoroagriepott'toreml
670 3112 744 3178 01e·
801 3131 831 3178 et
860 3115 973 3201 otapi,
1001 3115 1097 3197 stisiam
1126 3113 1290 3176 Croeeobeu
1322 3109 1428 3190 (Oiati

113 3237 179 3296 ens,
198 3214 237 3282 ds
249 3237 313 3304 qno
330 3216 382 3280 bio
402 3237 502 3284 sermo
525 3231 581 3299 est,
600 3230 665 3284 esst
685 3218 744 3284 iili·
801 3217 972 3304 Tryggrir),
992 3229 1024 3282 et
1038 3217 1202 3284 Ordeeieoa
1216 3218 1328 3284 sitatis
1339 3216 1429 3298 (edit.

114 3345 148 3388 us
162 3322 291 3388 Haraidi
316 3323 479 3403 Grmnsita,
507 3325 560 3410 qui
585 3325 670 3390 ritus
690 3345 744 3392 co·
802 3323 1429 3412 Duebeaosp.371),uarrana,Cianutsm,

113 3430 259 3516 guomiue
276 3429 376 3492 Crassi
396 3427 455 3492 fuit
476 3427 646 3516 insignitas,
671 3443 743 3517 post
795 3449 912 3522 parata
928 3435 1032 3504 classe,
1049 3457 1112 3496 cum
1126 3435 1257 3496 homost
1277 3455 1344 3516 rege
1358 3433 1429 3494 Sve-

114 3547 246 3599 mortsm
270 3553 344 3599 vero
367 3537 496 3600 Sanetus
518 3537 666 3600 salutatus
688 3549 742 3601 est.
800 3561 902 3599 norom
936 3553 966 3599 et
992 3537 1088 3600 Oinoe
1110 3562 1177 3622 rege
1195 3541 1372 3602 Noricorum
1396 3541 1428 3600 irs

112 3647 182 3706 Non
203 3641 271 3720 iiie,
287 3640 341 3704 sed
365 3641 476 3704 Ericus
497 3661 598 3708 eomes
615 3643 653 3707 sd
677 3642 743 3706 bel·
801 3645 953 3726 Angitiam·
967 3647 1177 3732 transfretasse
1199 3660 1230 3707 et
1254 3644 1427 3707 Lundouom

112 3751 175 3810 lum
199 3767 267 3810 eum
291 3745 399 3831 buglis
415 3745 475 3810 soit
495 3761 637 3811 evocatos
661 3769 741 3812 sono
801 3751 962 3822 obsedisse,
991 3767 1060 3813 cum
1079 3753 1198 3816 Saxone
1225 3745 1359 3828 iaciunt,
1396 3759 1428 3811 et

65 3901 70 3912 ,
115 3849 195 3917 1015
228 3852 322 3934 (Hist.
345 3872 409 3937 reg.
439 3857 535 3918 Nors.
566 3855 627 3921 tol.
656 3859 683 3918 il
710 3877 741 3940 p.
799 3853 1054 3931 ostendentem,
1070 3851 1378 3933 sinoursra,saitsm
1393 3873 1428 3915 ea

113 3957 178 4041 22).
222 3961 336 4024 Olavus
358 3959 492 4039 interca,
516 3958 600 4022 bello
622 3959 655 4021 in
676 3962 740 4023 An·
800 3961 965 4046 scripsisse,
989 3981 1058 4047 que
1076 3980 1138 4021 uon
1157 3959 1241 4024 omui
1261 3961 1428 4025 autoritate

111 4065 173 4151 giis
190 4077 261 4149 post
278 4077 409 4128 mortem
428 4064 576 4129 Steuonis
597 4065 741 4129 recrude·
801 4081 901 4132 essent
913 4049 1067 4130 destituta.

110 4185 232 4250 scente,
248 4169 399 4255 stipendis
412 4171 469 4233 sub
484 4171 743 4257 auspiciisEtbel·
853 4177 956 4237 ’Com
989 4174 1095 4258 fratre
1126 4168 1279 4252 Humido]
1317 4173 1428 4234 Frater

110 4277 179 4342 redi
206 4291 357 4342 meruerat
390 4288 421 4341 et
449 4275 545 4340 Danis
567 4276 598 4338 iu
630 4277 741 4362 buglis
801 4301 865 4342 nou
893 4275 1125 4361 *intelligendus
1166 4277 1276 4340 Canuti
1322 4275 1428 4361 (bajas
1514 4358 1519 4370 .

110 4377 236 4448 relictis
252 4386 348 4448 muita
376 4385 523 4447 intulerat
553 4385 631 4446 mals
655 4382 742 4464 (ibid.
803 4386 882 4447 enim
910 4382 1039 4446 Haraidi
1069 4383 1254 4446 mentionem
1279 4383 1312 4446 in
1341 4383 1428 4446 uuilo

110 4491 174 4555 iol.
186 4493 213 4554 11
227 4513 258 4576 p.
274 4485 392 4572 10-16).
410 4493 493 4554 Unus
503 4489 742 4554 eoderhutorio
792 4491 862 4580 aiio
888 4491 958 4553 loco
981 4486 1056 4552 iacit
1085 4485 1228 4570 Noster),
1250 4489 1304 4552 sed
1329 4487 1427 4554 frater

110 4595 322 4662 oasitanum
337 4595 520 4678 (Flatiensis
536 4594 569 4658 in
585 4593 659 4657 bibi.
676 4614 740 4680 reg.
801 4596 901 4675 Olsvi,
924 4593 962 4658 de
977 4617 1039 4680 quo
1053 4594 1158 4682 paulic
1171 4593 1252 4658 inira
1267 4595 1348 4680 apud
1363 4597 1429 4660 No·

112 4703 171 4764 col.
185 4697 261 4786 316)
275 4699 544 4781 asserit‚01svnm,
559 4700 664 4764 castris
682 4701 746 4763 An·
801 4713 899 4766 strum
916 4701 1039 4786 legitur,
1061 4721 1129 4764 eum
1146 4721 1216 4764 oum
1232 4701 1329 4767 Oisro
1344 4713 1427 4766 atro·

111 4809 233 4894 giorum
257 4807 388 4887 relictis,
424 4808 526 4893 aliquo
555 4817 697 4890 tempora
728 4827 745 4868 a
803 4809 880 4872 citer
907 4807 1003 4871 Danis
1029 4807 1223 4871 imminuisse.
1285 4811 1427 4872 Fratrem

111 4913 250 4999 partibus
264 4913 374 4978 Csuud
386 4913 513 4977 stetisse.
541 4913 659 4976 Snorro
677 4922 745 4975 tsn-
799 4914 923 5000 qnidam
938 4913 1090 4978 uterinum
1108 4912 1217 4977 babuit
1239 4897 1354 4980 Oiarna
1372 4931 1428 4976 no-
