3520 5462
518 351 522 362 ·
626 323 628 328 '
657 293 861 382 sitalcus
1298 307 1367 380 tat

119 517 198 610 jura
212 512 403 590 martiam
455 518 593 592 Horum
615 517 751 616 quippe
772 519 945 591 consortio
966 517 1419 618 jungimuqqusnnrscun·

119 661 190 736 qne
205 641 343 713 animos
370 637 458 712 livdr
480 637 672 712 dissodet¹.
731 643 817 712 Haec
842 641 960 737 imque
982 640 1115 738 pietatis
1143 639 1245 712 nobis
1268 639 1420 714 conditio

119 763 176 852 sit,
202 777 243 834 nt
259 763 389 836 victum
409 761 519 835 victor
531 761 659 836 irderiis
674 777 919 860 pmsequatur.
972 763 1033 834 His
1050 763 1142 836 emm
1163 760 1419 860 suprema-hu·
1530 813 1532 821 ν

120 883 289 956 nnnitutis
311 883 425 958 cll‘rcia
445 887 557 958 inesse
578 899 721 978 constat,
745 908 829 982 quas
849 909 954 958 nemo
967 884 1047 981 pius
1061 881 1252 957 abhorruit
1311 886 1419 958 Utra-

119 1029 190 1102 que
205 1007 297 1078 acies
312 1005 350 1078 id
365 1031 505 1098 munus,
540 1007 655 1106 rigore
672 1005 843 1105 deposito,
866 1005 1081 1080 concorditer
1094 1021 1294 1105 exequatur.
1343 1011 1394 1080 Fa
1412 1049 1416 1058 ·

119 1135 228 1200 oessut
242 1143 326 1226 post
342 1135 454 1202 latum
477 1128 566 1204 livor
589 1129 817 1228 simultasque
841 1130 965 1202 sunem
985 1129 1152 1226 sopiatur.
1201 1127 1301 1200 Absit
1316 1127 1419 1202 uobis

119 1264 220 1322 tantas
243 1249 452 1324 crudelitatis
476 1255 670 1350 specimen,
693 1269 751 1342 ut,
780 1277 988 1352 quanquam
1005 1253 1090 1326 vivis
1108 1250 1231 1326 odium
1249 1253 1418 1326 interces-

119 1371 208 1460 suit,
226 1371 313 1444 alter
326 1373 466 1448 alterius
487 1377 618 1449 cineres
638 1399 902 1476 persequamur.
970 1372 1173 1448 Gloriosum
1203 1373 1321 1448 victori
1346 1375 1419 1467 erit,

119 1493 145 1564 si
169 1495 248 1567 victi
265 1493 373 1570 funus
400 1497 583 1604 magnifice
607 1496 753 1572 duxerit
820 1499 909 1570 Nam
934 1497 997 1596 qui
1022 1494 1188 1569 defuncto
1211 1494 1302 1569 hosti
1324 1497 1418 1594 justa

118 1615 340 1711 persolverit,
372 1621 562 1718 superstitis
577 1619 644 1694 sibi
662 1620 820 1694 favorem
836 1617 1011 1710 adsciscit,
1036 1620 1229 1718 vivumque
1242 1617 1418 1692 beneficio

119 1739 228 1832 vmcit,
251 1740 411 1839 quisquis
425 1744 586 1828 ¹euticete
600 1741 756 1816 studium
774 1741 995 1816 humanitatis
1024 1740 1240 1840 impenderit
1300 1741 1363 1814 Est
1385 1755 1419 1814 et

119 1860 184 1932 alie
198 1885 272 1934 non
290 1862 406 1936 mium
435 1862 595 1938 luctuosa
616 1863 802 1957 calantitas,
823 1865 905 1964 quvc
941 1865 1027 1938 vivis
1053 1862 1228 1938 interdum
1254 1861 1418 1936 damnata

118 2007 307 2082 rumorum
329 1991 430 2082 parte
452 1989 623 2088 contingit.
683 1989 774 2062 Huic
799 2013 871 2062 non
894 1989 1035 2090 segnius
1050 2011 1159 2086 quam
1182 1984 1312 2059 ultimae
1335 1987 1418 2060 sorti

118 2106 392 2180 succurrendum
407 2109 572 2184 existimo.
626 2112 728 2208 Stepe
742 2111 835 2182 enim
852 2108 1019 2184 incolumi
1038 2111 1159 2207 spiritu
1175 2107 1416 2184 membrorum

118 2227 232 2302 dudm
251 2229 491 2330 pugnantibus
515 2231 650 2326 incidit3
678 2257 761 2330 quae
779 2255 855 2306 sors
872 2233 967 2304 omni
989 2231 1061 2304 fato
1088 2231 1214 2304 tristior
1240 2225 1322 2304 duci
1350 2254 1417 2306 sc-

119 2348 172 2444 let,
191 2351 294 2450 qnod
308 2378 404 2427 mors
420 2357 579 2428 omnium
599 2355 802 2428 memoriam
819 2352 926 2447 tollat,
945 2354 1063 2426 vivens
1079 2375 1166 2426 vcrc
1180 2353 1313 2451 proprii
1330 2378 1417 2426 ccr-

119 2475 210 2570 pm's
229 2491 381 2578 stragem
397 2476 572 2579 negligere
589 2493 749 2576 nequeat
809 2479 887 2550 Hoc
902 2497 1049 2576 quoque
1071 2473 1205 2548 malum
1222 2497 1293 2572 ope
1317 2475 1415 2546 exci-

118 2596 283 2692 piendum
299 2611 359 2672 est.
410 2600 602 2673 Conveniat
624 2601 737 2702 igitur,
758 2597 897 2672 ulterius
914 2597 961 2670 ab
979 2597 1087 2670 altero
1115 2596 1293 2670 laesionem
1318 2595 1417 2670 denis
1521 2653 1526 2662 .

119 2722 190 2792 aun'
206 2721 342 2796 tuleratis
357 2722 508 2796 sarciri&
557 2727 647 2796 Nam
667 2723 697 2794 si
717 2723 817 2818 pium
830 2737 882 2794 cst
899 2719 1018 2794 alienis
1036 2717 1288 2793 calamitatibus
1308 2743 1416 2794 com-

118 2844 197 2938 peti,
212 2861 349 2942 quanto
364 2847 475 2946 magis
494 2847 646 2945 propriis
663 2846 836 2918 misereri?
895 2849 1006 2918 Nemo
1021 2859 1154 2918 naturae
1180 2866 1252 2916 non
1279 2861 1416 2916 consu·-

118 2962 169 3060 lit,·-
196 2989 309 3065 quarn
323 2968 388 3066 qui
403 2967 554 3069 negligit,
572 2969 627 3042 sui
645 2967 817 3066 parricida
839 2983 899 3040 est

243 3093 284 3162 ln
298 3087 377 3164 hec
393 3089 476 3164 data
490 3107 704 3190 acceptaque
717 3089 801 3183 fide,
819 3097 980 3190 pugnam
996 3089 1125 3162 ineunt.
1184 3089 1309 3185 Neque
1322 3085 1416 3158 erm

117 3211 237 3286 esent
252 3215 366 3286 mutui
380 3215 550 3290 occursds
574 3214 709 3288 novitas
742 3227 804 3286 aut
828 3213 1000 3286 vernantis
1018 3211 1086 3286 loci
1100 3205 1317 3310 jucunditas,
1340 3233 1416 3306 quo

117 3333 228 3406 minus
249 3335 339 3408 inter
360 3359 399 3408 sc
428 3335 524 3414 ferro
554 3351 791 3426 occurrerent,
818 3335 991 3434 respectui
1016 3333 1090 3406 suit
1154 3329 1416 3422 Hcrvcndillus,

117 3455 300 3552 appetendi
325 3453 452 3553 hostis,
481 3483 591 3558 quam
626 3457 806 3534 muniendi
842 3457 1002 3555 corporis
1036 3457 1144 3530 nimio
1165 3454 1271 3528 animi
1298 3453 1417 3528 calore

117 3575 246 3652 avidior
261 3576 438 3672 redditus,
465 3579 620 3682 neglecm
638 3579 755 3680 clypei
775 3606 879 3673 cura,
905 3579 1030 3654 ambas
1055 3578 1149 3652 ferro
1174 3569 1301 3652 marrus
1310 3579 1414 3677 'inje-

117 3715 211 3772 cerat
267 3704 340 3778 Nec
363 3701 521 3778 audaciae
545 3720 689 3776 eventus
715 3702 833 3776 deluit
900 3701 1080 3776 Collemm
1105 3698 1292 3800 siquidem,
1314 3717 1414 3776 scuto

117 3819 239 3896 crelrris
255 3823 382 3898 ictibus
400 3824 591 3924 absumpto
620 3823 829 3925 spolitinum,
851 3823 991 3900 desecto
1011 3822 1152 3898 tandem
1178 3823 1271 3922 pede
1286 3825 1413 3896 exani-

162 4143 297 4205 ¹Amincs
315 4145 391 4206 licor
415 4143 562 4224 dissociet]
595 4143 654 4208 Ed.
682 4167 730 4230 pr.
785 4141 936 4208 ⁴abhorret
965 4169 981 4210 a
1011 4141 1236 4208 conditionibus
1258 4162 1412 4205 monoma-

117 4241 203 4308 ltaltet
218 4251 314 4312 animo
333 4251 409 4312 licor
428 4251 576 4323 dissociet,
597 4273 665 4335 quae
686 4253 728 4315 lc·
789 4247 989 4330 culmontis,
1010 4249 1119 4336 quibus
1139 4247 1208 4328 ille,
1236 4245 1289 4332 qui
1304 4244 1412 4312 vulnus

114 4347 293 4417 eminendo
305 4354 527 4439 typographico
536 4355 676 4420 laborare
684 4357 728 4422 vi·
787 4356 875 4440 prior·
882 4355 1056 4440 accepisset,
1075 4353 1234 4418 tenebatur
1249 4349 1413 4416 obstrictus

114 4449 209 4520 detur·
789 4461 828 4526 sd
843 4475 956 4525 certam
975 4463 1112 4546 pecunie
1133 4477 1289 4540 summam,
1309 4462 1421 4522 Helm·

158 4563 337 4630 wama
352 4571 458 4650 mitur,
471 4569 592 4632 alterius
605 4571 642 4632 ab
655 4572 725 4632 altc-
788 4565 1017 4646 lateralium,
1041 4568 1130 4631 alteri
1147 4563 1333 4644 solvendam,
1351 4587 1411 4650 qua

116 4669 294 4734 rotoeuanem
309 4671 391 4734 ιΙιιιίε
405 4673 726 4756 αανίιαὶεηιιζυακίνι]
788 4673 880 4736 vitem
908 4693 991 4738 suam
1019 4673 1112 4736 veluti
1133 4669 1296 4736 redimeret
1317 4670 1410 4751 (cnl'r.

115 4771 185 4835 Auri
198 4775 397 4842 ulsutaScxo
411 4777 593 4844 hauddubie
611 4801 726 4844 marcas
788 4781 939 4844 Annesens
967 4777 1118 4844 islandrlc
1151 4783 1342 4864 Rettsrgang
1377 4781 1408 4842 S.

113 4879 175 4940 auri
191 4880 345 4948 intellexit.
394 4888 494 4970 lpsum
513 4907 583 4952 veru
606 4899 727 4973 pactum
791 4881 872 4968 158).
