3442 5456
617 325 887 397 FRIDLEVUS.
1285 327 1357 398 20¹7

107 530 308 607 mortalium
331 531 493 605 habitum
518 549 719 626 mutuatus,
754 530 969 623 abduxerat,
987 559 1118 632 eoque
1156 557 1242 610 usus
1266 537 1410 640 remige,

106 654 236 752 cymba
251 657 288 727 in
304 662 503 754 proximum
522 655 620 732 littus
634 660 791 758 trajecta,
811 654 1032 747 Fridlevunr,
1052 673 1137 730 tunc
1159 660 1253 732 iorte
1273 683 1411 758 specu-

106 777 246 852 lationis
263 775 381 852 ollicio
396 777 613 879 fungentem,
637 783 781 882 navigio
795 777 1009 880 praeteribat
1067 784 1183 872 Quem
1197 807 1258 854 rex
1281 785 1411 881 captivi

107 899 342 974 adolescentis
364 925 474 999 opera
496 905 550 976 uti
577 929 650 977 non
672 927 811 1001 passus,
837 899 961 1000 praeda
987 919 1162 1000 raptorem
1187 927 1317 976 exuere
1340 929 1411 1002 ge-

106 1023 243 1098 stiebat.
307 1021 506 1098 Adversum
524 1051 634 1124 quem
653 1025 859 1098 adolescens
876 1024 1034 1122 primum
1055 1027 1181 1098 acriori
1207 1028 1412 1099 invectionis

106 1171 239 1244 genere
254 1143 425 1219 utendum
447 1172 526 1220 esse
545 1154 768 1247 praemonuit,
794 1143 931 1220 facilius
949 1147 1235 1248 oppugnandum
1255 1151 1412 1245 promit-

108 1286 198 1358 tens,
223 1267 311 1341 dum
326 1285 406 1341 ante
421 1272 568 1368 cynico¹
589 1271 712 1346 fuisset
737 1273 893 1344 carmine
909 1268 1100 1344 lacessitus
1161 1274 1252 1344 Tum
1268 1271 1413 1344 Fridle-

108 1415 176 1464 vus
190 1416 241 1464 stc
257 1415 378 1466 orsus:

227 1549 228 1552 ’
307 1540 395 1610 Cum
409 1537 461 1609 sis
471 1523 586 1636 gigas
605 1537 1087 1639 trr'corpor2r‘noictiss1'mus,

310 1665 451 1761 Tuoque
462 1662 590 1734 calum
600 1687 708 1763 paens
722 1665 907 1763 csapucs³
927 1659 1073 1750 vertice,

309 1784 529 1880 Curfoemcn
549 1785 617 1857 lroc
633 1785 804 1858 rrilendas
827 1785 923 1857 cnsr's
941 1781 1101 1882 obligat?

310 1913 492 2008 Latiisque
510 1907 656 2006 grande
676 1925 781 1980 curta
804 1908 917 2009 cingit
921 1906 1108 2005 framea?

311 2031 518 2132 Qaidforte
527 2047 656 2131 pectus
670 2057 754 2104 cnse
769 2031 889 2104 monis
903 2033 1021 2120 debili,
1060 2063 1066 2080 ·

310 2155 532 2254 Habr'tusque
546 2155 748 2257 corporalis
764 2155 883 2228 instar
898 2155 1068 2254 negliges*
1073 2212 1088 2246 ,

111 2459 174 2510 tem
187 2446 240 2510 sed
262 2467 363 2534 regem
377 2451 507 2536 intelligi
521 2471 627 2536 posse,
650 2452 733 2538 quod
792 2451 873 2514 haud
886 2447 1070 2528 omittendis,
1083 2450 1268 2534 premittens
1285 2450 1361 2528 lore,
1385 2465 1417 2514 ut

111 2556 204 2616 etiam
230 2557 380 2633 cumeis,
408 2580 478 2642 quae
498 2557 578 2620 infra
608 2555 646 2620 de
672 2557 733 2620 lilia
793 2557 910 2620 facilius
926 2561 1164 2641 oppugnaretur,
1185 2557 1210 2619 si
1229 2557 1314 2640 prius
1330 2557 1417 2620 dictis

111 2659 243 2744 Hytlrini
277 2661 466 2744 afferuntur,
489 2664 604 2749 optime
628 2683 737 2726 conve·
796 2661 988 2727 mordacibus
1004 2661 1107 2724 fuisset
1125 2664 1288 2724 lacessitus.
1336 2661 1339 2674 '

110 2768 167 2830 nit.
216 2769 330 2847 Verba,
349 2791 417 2855 quta
441 2771 506 2834 sola
533 2768 583 2832 bic
601 2767 737 2834 difficul-
842 2773 959 2853 π(ἲίςιιε
990 2765 1148 2855 tricorpor]
1183 2772 1334 2831 Incertum
1362 2780 1418 2842 est,

111 2886 209 2937 tatem
229 2889 367 2953 movent,
402 2889 474 2939 sunt
491 2897 544 2954 ea,
577 2897 646 2960 quie
667 2895 736 2936 mox
797 2889 898 2940 utrum
914 2887 1003 2937 sutor
1017 2873 1066 2938 hic
1080 2887 1248 2938 monstrum
1264 2875 1419 2938 intellexe-

110 2992 298 3066 sequuntur,
333 2985 427 3066 Gigas
460 2982 576 3064 Hstliin
605 2981 742 3053 narraresx
797 2982 837 3044 rit
851 2983 1083 3065 tricorporem,
1101 3001 1156 3043 ceu
1175 2982 1303 3044 altorum
1326 2981 1419 3062 Gery-

110 3085 167 3149 sed
181 3085 263 3148 baud
276 3085 365 3150 dubie
376 3086 442 3149 baec
455 3085 546 3150 verba
561 3085 739 3150 librariicu·
797 3109 904 3166 onem,
922 3086 960 3150 de
982 3109 1044 3172 quo
1068 3086 1213 3170 Virgilius
1228 3085 1346 3150 AEneid.
1366 3087 1419 3160 Vl,

113 3190 236 3274 jusdam
258 3192 417 3254 oscitantia
442 3192 510 3256 loco
533 3213 587 3254 suo
608 3192 639 3253 in
661 3192 738 3254 linea
795 3189 871 3255 289:
890 3211 918 3256 ct
930 3196 1036 3280 forma
1049 3197 1219 3280 tricorporis
1242 3194 1360 3264 umbra,
1382 3213 1420 3252 an

111 3299 302 3384 praecedsnti
318 3299 400 3361 fuere
415 3311 506 3362 mota.
548 3301 624 3360 Post
647 3295 737 3360 verba
798 3297 889 3362 modo
910 3299 1085 3361 immensam
1108 3297 1247 3383 corporis
1274 3308 1421 3360 staturam

111 3405 234 3467 scilicet
256 3409 346 3489 Regis
373 3411 477 3494 qnippe
503 3405 738 3466 Tlrialomorcln'oe
798 3404 987 3466 indicaverit.
1029 3409 1062 3466 ln
1078 3405 1209 3466 carmine
1226 3401 1344 3464 Eddico
1359 3405 1422 3482 Hy·

112 3511 216 3573 lector
242 3522 375 3573 attentus
405 3509 587 3572 desiderabit
618 3527 738 3584 nomen,
798 3507 943 3596 misquids
958 3512 1018 3572 Str.
1036 3513 1090 3576 Vll
1104 3505 1422 3573 commemoratoriu-

106 3627 147 3677 nt
159 3616 276 3678 certior
291 3615 353 3694 list,
369 3637 442 3678 num
454 3614 649 3698 inpversiculo
660 3633 739 3698 prae·
797 3617 877 3678 mina
909 3616 1049 3700 gigantea
1076 3615 1225 3700 capitibus
1258 3613 1422 3698 nonaginta

112 3719 237 3784 cedenti
263 3719 397 3804 ejusdem
423 3723 503 3806 regis
530 3720 611 3784 fecta
646 3719 738 3782 brerit
799 3699 955 3784 instructa.

111 3829 282 3906 mentio;si
296 3829 389 3914 igitur
403 3828 737 3912 verbaHyrln'nnominc
846 3825 1018 3913 ³Erccqucs]
1046 3829 1228 3912 stephanius
1258 3845 1294 3890 ex
1321 3824 1424 3905 conje-

112 3947 187 4020 post
208 3955 318 3998 nomen
340 3934 740 3999 Thialemarcdiainvmsdia-
800 3947 886 3998 stura
902 3935 1004 4019 posuit
1020 3937 1160 4018 adaques.

112 4054 146 4104 te
161 4053 329 4124 ponuntur,
348 4040 556 4125 perspicuitati
570 4041 659 4124 hujus
678 4039 738 4104 loci
847 4045 1051 4118 ‘Habriasquc
1071 4044 1232 4127 corporalis
1255 4045 1350 4100 r'rrstar
1374 4062 1423 4098 rcc-

112 4147 238 4232 egregie
251 4149 426 4210 consulitur.
800 4145 882 4232 lr'gr's]
913 4153 1015 4210 Instar
1039 4147 1089 4208 hic
1118 4168 1180 4208 non
1201 4141 1424 4218 adverbialiter,

162 4251 310 4336 ¹Cynico]
330 4254 511 4339 Stephanius
530 4273 566 4316 ex
586 4252 741 4334 conjectu·
801 4253 855 4316 sed
876 4254 1063 4318 substantive
1091 4251 1244 4334 positum,
1268 4246 1423 4332 quomodo

112 4383 148 4422 ra
169 4359 245 4442 legit
263 4365 392 4442 crgnr'co.
446 4359 507 4423 Sed
528 4383 642 4422 carmen
663 4362 743 4442 cynt'-
802 4372 833 4420 et
856 4357 936 4421 inira
954 4359 1021 4420 Lib.
1047 4362 1103 4422 Vll
1122 4358 1154 4418 in
1184 4353 1356 4418 narratione
1388 4352 1425 4416 de

113 4491 180 4530 cum
217 4464 294 4526 nibil
326 4465 407 4529 eliud
436 4477 482 4527 est
505 4485 596 4549 quem
621 4483 740 4526 carmen
801 4463 998 4548 Hagbsrtbo:
1025 4467 1061 4526 Si
1077 4467 1247 4548 propinqua
1262 4464 1364 4522 morts's
1384 4463 1427 4522 ia·

112 4569 252 4649 mordas,
273 4572 457 4656 quodantos
477 4571 575 4634 acrius
595 4569 742 4630 invectio·
801 4588 866 4632 star
891 4571 1015 4649 alausas
1034 4573 1160 4650 incapite
1183 4567 1342 4653 spectaculi
1358 4589 1427 4650 pcr-

112 4679 161 4740 nia
176 4697 274 4762 genus
288 4677 414 4740 fflxernt.
457 4681 568 4742 Sensus
587 4675 681 4759 igitur
696 4675 740 4736 lo·
801 4677 929 4736 aedisset.
1011 4677 1055 4736 lta
1092 4671 1250 4757 usmpavit
1287 4670 1427 4738 Valerius

115 4786 145 4846 ci
161 4783 213 4848 bic
232 4797 295 4846 ests
316 4781 498 4848 Adolescens
520 4781 638 4844 inorruit
654 4778 741 4842 Frid·
800 4781 944 4871 Maximus
971 4779 1037 4842 Lib.
1060 4781 1103 4846 lV
1128 4797 1194 4862 cap.-
1223 4775 1251 4854 1,
1279 4777 1311 4839 1:
1336 4777 1429 4838 AEdcs

117 4893 218 4952 levum
233 4887 270 4950 de
282 4888 422 4952 convitiis
434 4887 576 4950 adversus
590 4888 743 4972 gigantem
796 4891 950 4952 cacclsr'orc
971 4890 1034 4950 loco
1047 4889 1152 4972 posita
1170 4889 1264 4948 risstar
1280 4885 1358 4949 wari
1372 4883 1424 4942 lra-
