3476 5460
498 329 743 402 flanttnns
760 331 1059 404 tttnbn't'tttn.
1312 331 1387 410 389

124 534 267 613 bocum
280 535 451 614 durem
465 536 557 612 Sntb
566 537 746 638 pugilem¹
765 543 842 616 acie
867 545 999 616 stravit
1051 513 1214 616 Fundem
1229 543 1438 620 athletarum

123 655 550 734 nedibus-imnunentcm
568 659 775 736 'lborkillus
789 662 1070 738 Tbelemarcbiae
1099 679 1200 738 onus
1225 673 1354 742 emino
1371 693 1437 768 per

122 779 296 856 chordam
307 781 449 879 spiculo
469 783 629 882 trajicit2.
681 789 795 858 Tanta
817 793 910 860 enim
924 789 959 860 vi
975 791 1078 884 periti
1096 811 1247 860 arcuum
1262 792 1436 877 Guttones
1526 796 1544 827 ⁴⁵

122 927 255 978 nervos
277 903 515 996 intenderant,
534 921 591 978 'ut
613 903 761 1006 clypeos
785 931 932 1007 quoque
947 909 1073 1006 jaculis
1098 909 1436 986 transverberarent.

123 1029 197 1098 Nec
211 1023 280 1098 alia
301 1025 482 1102 efficacior
502 1027 612 1110 credis
627 1032 736 1104 extitit
752 1055 871 1107 causa.
922 1033 1069 1108 Lot-icas
1097 1032 1311 1132 galeasque,
1343 1057 1434 1131 perj-

122 1149 206 1222 inde
224 1174 267 1222 ac
286 1149 433 1220 inermia
448 1173 622 1247 corpora,
646 1152 854 1253 sagittarum
878 1154 1312 1253 acumina-penetrabant.
1372 1159 1435 1235 ln-

122 1291 221 1350 terea
236 1269 345 1344 Ubbo
361 1271 560 1362 Fresicus³,
585 1279 872 1372 promptissimus
896 1275 1041 1348 Harnldi
1061 1275 1162 1350 miles
1192 1302 1234 1349 ac
1265 1303 1342 1374 prae
1358 1276 1435 1350 aliis

122 1394 250 1468 babitu
270 1393 433 1488 corporis
446 1393 601 1492 insignis,
626 1413 757 1493 preter
779 1397 957 1490 undecim,
983 1423 1077 1496 qnos
1098 1401 1134 1470 in
1164 1402 1242 1472 acie
1260 1399 1434 1472 vulnera·-

123 1532 243 1606 verat,
266 1515 385 1612 viginti
410 1515 570 1614 quinque
591 1517 811 1593 delectorum
830 1521 994 1620 pugilum
1015 1521 1196 1596 interfecit.
1257 1525 1283 1592 li
1309 1545 1434 1594 omues
1511 1536 1516 1549 “

121 1641 217 1714 Steti
233 1637 405 1736 sanguine
421 1637 521 1710 fuere
537 1639 595 1714 vel
611 1639 729 1714 Gothi.
780 1639 919 1716 Deinde
934 1648 1085 1739 primam
1104 1669 1297 1744 aggressus
1322 1647 1434 1721 actem

127 1760 403 1836 confertissimos
424 1756 544 1834 hostes
567 1763 689 1854 insilit,
714 1763 947 1864 palantesque
972 1783 1070 1838 metu
1093 1768 1250 1841 Sveones
1268 1764 1337 1837 lunc
1355 1763 1434 1836 illac
1557 1753 1559 1762 ¹

122 1885 226 1959 basta
250 1881 445 1983 gladioque
468 1880 630 1979 dispellit.
688 1889 733 1958 Et
756 1887 831 1984 jam
855 1913 958 1984 poene
980 1913 1038 1962 res
1060 1890 1096 1962 in
1120 1888 1244 1988 lugam
1269 1905 1433 1974 cesserat,

121 2004 372 2104 cumliagder,
388 2009 521 2082 Rolder
532 2023 567 2082 et
582 2006 1119 2099 Gretir4,aemulationnrirtutis
1133 2009 1305 2085 athletam
1317 2009 1432 2082 ador*

122 2137 169 2221 ti,
210 2129 394 2227 publicam
433 2134 626 2230 perniciem
655 2136 798 2228 privato
831 2129 1006 2204 redimere
1035 2132 1199 2230 periculo
1230 2149 1433 2207 statuerunt.
1519 2215 1532 2241 ·

122 2257 257 2327 Verum
279 2255 479 2328 comminus
504 2255 634 2330 instare
654 2252 772 2342 veriti,
805 2252 953 2349 spiculis
972 2253 1099 2350 procul
1123 2248 1432 2352 ngendnm'cura-

119 2375 235 2467 bant3
275 2380 399 2474 sicque
433 2373 742 2453 crebrescentibus
766 2373 897 2468 jaculis
923 2381 1063 2448 eminus
1083 2374 1193 2480 Ubbo
1218 2376 1433 2464 conloditur,

119 2502 263 2570 nemine
284 2504 436 2596 propius
449 2523 534 2582 curn
554 2499 634 2594 ipso
667 2517 814 2568 manum
831 2518 1019 2569 conserere
1033 2515 1282 2595 presumente.
1332 2501 1432 2570 Cen-

121 2637 198 2718 tum
212 2617 449 2718 quadraginta
464 2637 620 2716 quatuor
633 2620 766 2717 sagitte
790 2618 890 2713 prius
909 2633 1035 2715 pectus
1052 2617 1246 2718 praeliantis
1269 2619 1431 2693 obsede-

118 2759 218 2834 rant,
248 2765 357 2840 quam
381 2740 491 2838 lapsis
518 2743 678 2840 corporis
707 2741 842 2814 viribus
872 2737 951 2812 solo
972 2740 1279 2849 poplitemdnreg.
1337 2745 1430 2846 'lm

118 2865 268 2942 demum
291 2888 357 2961 per
380 2862 570 2938 Tluondos
594 2867 750 2962 bosque,
772 2863 837 2961 qui
860 2861 951 2934 Dala
976 2867 1196 2962 provinciam
1212 2866 1347 2954 colunt,
1372 2870 1432 2936 in-

118 3013 210 3087 gens
227 2985 274 3058 de
299 2988 410 3060 Danis
426 2985 545 3059 clades
561 2999 705 3084 accepta
732 3001 795 3058 est
855 2989 944 3057 Nam
961 3009 1102 3078 summa
1119 2991 1377 3087 sagittariorum
1396 2992 1429 3060 vi

116 3108 302 3185 recruduit
317 3105 466 3198 bellum,
495 3133 561 3182 nec
575 3107 644 3181 alia
664 3131 721 3180 res
738 3111 868 3180 nostris
883 3111 1112 3206 perniciosior
1134 3110 1207 3184 suit.

250 3235 296 3304 At
309 3229 498 3318 Haraldus,
514 3257 598 3304 cum
613 3229 790 3304 delectam
804 3228 939 3302 lumine
960 3247 1136 3306 senectam
1162 3247 1301 3332 ageret,
1338 3232 1433 3302 triste

116 3375 271 3428 snorum
291 3378 456 3426 murmur
471 3351 682 3444 exaudiens,
714 3349 888 3453 intellexit,
911 3357 1132 3451 superiorem
1154 3353 1320 3428 hostibus
1335 3356 1431 3426 arri-
1450 3404 1452 3414 .

117 3482 209 3551 sisse
224 3475 414 3550 fortunam.
464 3477 575 3576 igitur
596 3491 634 3548 ut
649 3490 736 3570 ¹erat
758 3472 888 3548 falcato
905 3499 1014 3548 curru
1031 3481 1192 3570 vectust,
1217 3479 1432 3566 Brunonem,

167 3748 261 3810 'Sotlr
282 3745 425 3834 pugilem]
441 3745 532 3810 Haud
555 3745 646 3809 dubio
666 3745 748 3808 idem
805 3744 902 3808 decim
919 3743 959 3808 ab
973 3767 1011 3810 eo
1028 3747 1060 3810 in
1077 3747 1141 3812 scie
1160 3751 1333 3814 vulneratos
1347 3747 1431 3823 dicit,

114 3873 153 3917 ac
163 3852 353 3931 Soltnsrsoti,
367 3873 456 3938 quem
469 3853 625 3936 Sdgnbrnt
641 3872 744 3916 recen·
804 3852 937 3937 quinque
947 3871 1021 3916 vero
1033 3855 1151 3939 pugiles
1167 3868 1198 3918 et
1215 3855 1346 3918 sedecim
1358 3855 1432 3922 Sve-

113 3971 164 4024 set
180 3959 261 4020 inter
273 3957 391 4042 pugiles
407 3959 500 4042 Ringi
516 3983 547 4043 p.
564 3953 636 4022 331.
806 3977 879 4024 ones
892 3969 933 4019 et
954 3959 1073 4023 Gothos
1096 3963 1128 4024 in
1152 3960 1251 4046 prima
1272 3961 1338 4024 acie
1366 3979 1431 4022 rer-

163 4068 310 4128 2Ειυιιὶιηι
323 4067 484 4127 Tlaorbllus
495 4111 518 4126 ..
531 4067 641 4150 spiculo
658 4067 745 4147 traji—
805 4075 907 4126 santes
920 4063 958 4126 ob
972 4085 1008 4128 eo
1019 4066 1134 4127 occisos
1148 4067 1306 4152 ipsumque
1321 4066 1431 4149 viginti

114 4169 174 4250 cit]
188 4167 745 4255 Stigubrotnonmodoeademaffert
805 4179 936 4254 quatuor
983 4171 1101 4254 sagittis
1138 4169 1265 4241 adverso
1304 4183 1431 4256 pectore

115 4277 157 4339 de
170 4273 444 4358 rebusaVebiorga
454 4273 649 4361 gestisdeque
662 4297 744 4339 mor·
805 4273 937 4358 exeeptis
952 4275 1102 4337 cecidisse.

114 4393 150 4445 te
166 4381 241 4464 ejus,
250 4381 402 4446 sedetiam
414 4380 687 4445 adstareatherum
698 4401 746 4444 re-
849 4383 1011 4464 ⁴Hagder,
1026 4383 1136 4443 Rolder
1145 4397 1174 4442 et
1187 4377 1300 4458 Gretr'r]
1311 4383 1431 4442 Horum

113 4499 215 4552 terent
227 4501 386 4571 provocat,
395 4487 502 4550 barum
514 4505 617 4549 rerum
632 4498 747 4550 testem·
804 4481 890 4563 duos,
902 4485 1009 4548 Haddr
1024 4497 1055 4548 et
1068 4483 1214 4564 Hroaldr,
1227 4487 1362 4549 nominat
1376 4487 1430 4549 Sd-

164 4597 276 4660 ’Ulla
300 4592 446 4672 Fresr'eas]
469 4593 624 4678 Sb'gttbrot
650 4593 746 4678 pluri-
805 4589 927 4673 gubrnt.

112 4697 175 4763 bns
195 4697 294 4764 adhuc
307 4699 408 4763 verbis
430 4698 567 4763 facinora
584 4699 674 4783 hujus
688 4719 744 4783 pn·
848 4699 994 4762 ‘Fulcato
1020 4721 1108 4773 curn
1129 4694 1241 4775 metus]
1268 4697 1357 4760 Nulla
1372 4697 1429 4760 slis

113 4805 187 4892 gitis
200 4819 332 4886 enarret,
351 4818 382 4870 et
394 4827 550 4870 occursum
566 4805 632 4889 ejus
645 4805 744 4890 ipsam
803 4819 946 4868 curruum
970 4802 1152 4868 falcatorum
1181 4803 1295 4866 mentio
1331 4803 1365 4870 lit
1399 4803 1430 4866 in
1485 4863 1488 4870 .

113 4911 344 4976 Sternatberum
358 4911 541 4978 detrectasse
553 4909 673 4991 asscrit3
688 4931 744 4974 un·
804 4913 1007 4978 monumentis
1022 4911 1141 4974 nostris.
