3442 5456
508 359 513 371 ·
617 335 804 408 saonae
825 337 881 407 111.
1234 419 1238 426 ,
1273 341 1346 413 235

98 542 357 644 reensionem
376 546 523 621 seeiena
535 545 730 646 eupiditate
744 561 917 640 tentasset,
933 567 1060 646 poenas
1081 571 1155 620 non
1173 544 1291 621 solum
1307 573 1396 626 san-

98 667 298 767 guine‚seti
318 676 422 743 mam
444 669 630 745 inhumato
656 668 831 744 cadavere
863 668 980 762 daret,
1005 668 1114 742 busto
1140 684 1249 769 atque
1268 672 1399 748 intentis

98 795 282 868 mannus.
330 791 515 892 Siquidem
530 819 598 892 par
613 815 690 868 esse
703 789 881 882 credebat,
904 807 944 865 ut
957 789 1058 864 alieni
1086 807 1276 890 eonuptor
1297 795 1398 866 eine

97 915 145 986 ris
165 911 270 988 nulio
295 915 428 990 funeris
444 915 622 1016 obsequio
637 914 842 1005 donaretur,
856 929 1060 1012 sortemque
1074 917 1222 1013 proprio
1253 919 1400 994 reierret

97 1057 265 1134 corpora
284 1063 394 1136 mam
411 1039 447 1110 in
462 1037 577 1112 alieno
592 1053 838 1136 perpetrasset
908 1037 1129 1110 centurionis
1145 1059 1231 1111 vero
1252 1037 1309 1114 vel
1335 1065 1401 1116 sa·-

97 1173 209 1255 trspoe
231 1165 386 1258 eorptis²
411 1184 501 1261 roge
519 1165 666 1260 propria
694 1183 786 1232 nare
815 1173 1018 1234 constructo
1039 1157 1278 1236 funerandum
1303 1185 1399 1235 oon-

97 1283 219 1355 stitnit.
283 1283 384 1356 Dena
407 1299 530 1356 autem·
554 1283 836 1382 gubernatorum
859 1305 1013 1379 corpora
1035 1283 1139 1356 unius
1162 1285 1299 1383 puppis
1317 1285 1401 1383 igne

98 1405 263 1478 consumi
284 1407 477 1504 praeeepit3
531 1404 661 1480 ducem
696 1410 900 1504 quempiam
926 1419 987 1476 aut
1018 1429 1139 1506 regem
1179 1407 1401 1481 interiectum

98 1527 251 1624 proprio
263 1529 433 1626 injectum
447 1532 592 1628 navigio
606 1530 860 1604 concremari³.
887 1529 978 1600 Tam
995 1526 1244 1625 scrupulosam
1259 1528 1400 1603 dueen-

100 1645 155 1719 dis
178 1649 442 1722 interfectorum
467 1649 650 1726 funeribus
682 1651 966 1724 observationem
998 1655 1156 1748 praestari
1191 1650 1322 1744 voluit,
1355 1676 1401 1726 ne

100 1775 327 1866 promiscuos
340 1779 566 1872 exequiarum
587 1776 677 1848 ritus
698 1775 846 1847 existere
868 1786 1058 1869 pateretur.
1118 1775 1266 1872 lamque
1283 1775 1402 1848 cuncti

99 1892 346 1968 liutbeuorum
366 1908 495 1998 reges,
529 1895 684 1970 Olimaro
701 1899 878 1996 Dagoque
901 1897 1073 1992 exceptis,
1097 1897 1210 1968 Marte
1232 1893 1401 1968 conside-

99 2032 190 2088 rant.
247 2015 345 2090 Belia
360 2043 510 2118 quoque
523 2019 707 2094 liutbenos
731 2041 774 2092 ex
795 2021 980 2090 Dartomm
999 2017 1192 2093 imitatione
1223 2017 1405 2092 celebrare

100 2140 311 2238 prmepie,
335 2165 378 2214 ae
391 2165 436 2214 ne
461 2142 545 2242 quis
558 2167 705 2216 uxorem
721 2142 787 2214 nisi
808 2139 1000 2238 emptitiam
1018 2137 1199 2215 ducereti.
1260 2138 1404 2212 Venalis

100 2258 281 2358 aiqmdem
296 2263 475 2338 connubia
494 2261 578 2363 plns
606 2262 800 2338 stabilitatis
829 2259 996 2335 habitura
1020 2260 1210 2358 censebat,
1240 2261 1404 2334 tutiorem

103 2385 315 2460 matrimonii
336 2383 445 2460 fidem
460 2391 668 2490 existimans,
690 2384 793 2488 quod
806 2385 921 2484 pretio
941 2381 1151 2456 firmaretur.
1218 2385 1405 2476 Praeterea,

151 2678 216 2741 'Si
229 2683 294 2764 quis
316 2677 515 2768 vesptiionam]
538 2683 637 2742 Donet
655 2697 729 2740 con·
785 2697 852 2739 eunt
872 2672 1002 2762 deniqne
1019 2685 1069 2736 aut
1084 2691 1189 2756 regum
1209 2675 1320 2759 singuli
1333 2695 1407 2760 pro·

105 2795 222 2862 textus,
249 2787 398 2848 Saxontm
429 2785 489 2849 boe
517 2787 587 2848 loeo
618 2787 728 2869 vespil-
783 2781 858 2866 priis
872 2781 1017 2865 navigiis,
1036 2777 1245 2864 iisdemigitur
1259 2793 1406 2863 prestan-

105 2889 191 2952 iones
210 2889 392 2954 intellexisse
408 2893 638 2978 sepulchrorum
666 2891 729 2954 sire
784 2885 922 2964 tissima,
963 2884 1097 2969 impositi
1123 2885 1155 2946 in
1176 2895 1270 2968 peste
1300 2887 1348 2948 rei
1374 2887 1406 2948 in

104 2997 292 3060 tumulosis
312 2997 490 3076 effoumes,
511 3019 588 3083 qnos
606 2997 727 3082 qudem
786 2991 890 3055 mediis
906 2989 994 3070 undis
1007 2989 1121 3054 fuerint
1134 2989 1284 3054 eombruti
1300 2991 1406 3072 (Plura

105 3103 243 3168 interris
255 3103 366 3168 naun
377 3104 475 3168 adhue
489 3104 655 3189 gentilibus
666 3103 727 3167 ire·
786 3097 823 3160 sle
837 3096 932 3160 hocce
951 3098 1115 3182 sepulturas
1137 3117 1248 3180 genere
1274 3098 1305 3160 in
1326 3099 1408 3162 notis

106 3221 233 3294 quantes
250 3209 396 3273 exstitisse
409 3211 480 3274 satia
495 3223 601 3274 notum
618 3223 672 3274 eet
787 3201 976 3266 uberioribus
990 3200 1027 3266 ad
1039 3202 1195 3266 historiam
1208 3202 1340 3268 flotberi
1355 3203 1408 3266 lib.

152 3317 360 3382 'asturiensi
377 3339 446 3379 esre
459 3320 506 3379 oei
523 3335 652 3406 satrape
664 3341 728 3390 cor,-
786 3312 825 3373 111
845 3309 1016 3387 attulimus3
1036 3307 1114 3370 onir.
1128 3306 1292 3376 Weriauff
1306 3329 1356 3372 om
1377 3319 1409 3372 st

103 3421 175 3512 pes]
189 3425 261 3485 Eoo
280 3424 349 3484 loeo
367 3423 446 3485 Saxo
467 3422 616 3499 ostendit,
637 3441 727 3506 quem
787 3413 911 3477 bransle
926 3413 1014 3476 Diide
1033 3413 1043 3474 i
1062 3409 1172 3491 Sldbtt,
1196 3413 1409 3500 Antiqnsrislts

106 3527 316 3591 eentarienem
337 3527 506 3611 intelligat,
538 3528 654 3590 seilicet
684 3549 729 3589 sa·
786 3515 1080 3597 Annalestffli.)
1186 3519 1216 3555 ⁸·

106 3647 226 3720 trepstn
241 3633 304 3698 site
315 3631 496 3717 presentem
508 3635 636 3719 regium,
652 3637 731 3696 Not·-
831 3629 937 3690 weita
953 3647 1062 3708 queque
1083 3621 1237 3687 Ilutkenos'
1250 3649 1288 3688 se
1308 3629 1407 3688 Dano-

108 3739 194 3824 regis
213 3736 381 3802 lentiirmsn
397 3737 521 3801 dietum.
789 3759 851 3796 rum
867 3737 1027 3796 snuisttbne
1044 3733 1185 3794 celebrare
1199 3729 1349 3818 precepit]
1362 3735 1410 3793 la·

154 3851 286 3910 'Ducem
313 3889 367 3908 ....
383 3850 506 3933 proprio
522 3849 655 3926 t'rtJ'ectum
678 3871 731 3908 na·
788 3853 906 3904 eertum
932 3851 988 3915 eet,
1015 3836 1088 3923 qtn'tl
1112 3836 1294 3900 narrationis
1321 3847 1410 3900 tutet·

106 3957 190 4034 stigio
227 3947 416 4031 consternari]
442 3955 512 4014 Dux
550 3951 731 4035 intelligitur
788 3946 880 4010 lancee
902 3945 1067 4008 assertione
1080 3941 1281 4018 intellexerit,
1307 3953 1409 4004 tttrttttt

109 4057 242 4120 antisti
262 4067 314 4118 ent
332 4058 471 4140 Hertogi.
512 4058 637 4142 Triplex
659 4075 730 4118 retu
780 4053 828 4122 ,de
842 4052 972 4136 quedam
985 4051 1079 4113 selem
1089 4046 1264 4109 instruendi
1283 4046 1410 4120 ratione,

108 4163 275 4246 sepultarae
298 4183 392 4246 gesna
415 4164 457 4226 its
488 4132 760 4244 distinguendos(
790 4181 828 4222 an
850 4157 1001 4223 deforma
1015 4154 1204 4238 navigiorum
1217 4149 1316 4227 mines
1328 4161 1410 4233 apta,

111 4269 244 4348 videtne
264 4282 429 4354 ntsatnpa
450 4287 527 4352 rego
550 4288 585 4330 ex
604 4269 731 4352 propria
788 4287 826 4326 en
844 4262 882 4327 sie
893 4262 1025 4348 petiam
1037 4261 1084 4322 rei
1100 4258 1229 4320 miiitum
1247 4257 1293 4318 rel
1311 4276 1411 4316 erme-

110 4379 184 4442 nsri
226 4389 402 4440 constructo
444 4373 536 4438 luerit
574 4387 733 4451 crematus,
785 4391 857 4438 rust
879 4369 1009 4441 deiectu,
1038 4387 1076 4428 an
1095 4363 1225 4446 deniqne
1250 4359 1288 4422 de
1310 4362 1409 4446 aliens
1496 4345 1503 4363 ’

110 4487 291 4571 sleniporro
306 4481 524 4570 gubernatores
545 4478 731 4559 (stainbuar)
787 4477 870 4538 inter
895 4476 960 4558 ipsa
984 4471 1065 4534 belis
1096 4467 1281 4531 bumarxitnte
1306 4465 1411 4528 obseo-

110 4593 146 4656 in
169 4592 275 4677 quasis
289 4589 433 4654 usnimi
457 4601 610 4649 marusa
634 4585 733 4670 puppi
791 4574 1091 4661 vantsnogtssrertn

111 4699 230 4763 ineunt
269 4694 420 4760 combusti
445 4693 536 4774 (onl'r.
569 4689 732 4775 descriptio
796 4718 801 4731 ·
836 4689 982 4768 tNeqtu't
992 4701 1107 4744 uxorem
1122 4674 1349 4767 ttiss'empt't'tt'nm
1359 4681 1411 4740 du·

112 4804 184 4888 rogi
207 4801 335 4867 Heraitii
357 4801 529 4883 Hytletanti
552 4795 656 4880 inira),
678 4795 733 4860 dn·
790 4789 882 4872 cenet}
896 4795 942 4856 De
955 4789 1013 4852 bae
1026 4791 1092 4872 iege
1110 4775 1169 4851 risi.
1188 4798 1252 4850 not.
1267 4783 1351 4848 uber.
1372 4818 1378 4834 ·
