3548 5470
339 295 388 366 72
679 291 856 364 HISTOR„
881 291 988 366 DAN.
1014 289 1153 364 LIBER
1170 291 1210 362 11.

288 531 369 578 rum
382 503 513 602 jubare
529 493 756 602 praeferebat
791 499 925 576 Taliter
937 506 1077 578 accensi
1089 500 1232 602 juvenis
1246 497 1470 578 connubium
1486 515 1605 601 pacta,

288 627 432 726 prolato
446 649 622 702 mucrone
635 626 688 698 sic
704 626 833 724 coepit:

445 766 733 869 singlediaque
747 783 912 842 uwnsoo
928 767 1173 869 tr'br'fercisndo
1182 767 1376 870 patebunt,

489 889 655 994 Susctpe,
670 896 764 981 lieu,
783 915 928 993 ponsa
940 917 1100 980 munera
1112 892 1236 993 primu
1256 907 1336 964 tuse.
1573 918 1598 953 ν

446 1020 526 1088 Hoc
540 1011 694 1112 dignum
713 1027 747 1086 te
760 1011 828 1086 rite
834 1014 983 1117 proba;
1000 1038 1134 1088 manus
1148 1014 1394 1115 muudoferrr'

490 1139 686 1210 Gestameu
698 1136 843 1220 sudeus
856 1138 1100 1212 condecorare
1123 1161 1237 1210 umor.

449 1263 585 1332 Ferrea
601 1258 662 1330 urs
675 1272 834 1332 sewum
846 1260 975 1334 mentes
988 1260 1168 1358 confortet
1179 1285 1349 1348 acrmcen,

488 1387 606 1483 Atque
622 1382 770 1456 animus
792 1381 933 1458 &soce
947 1383 1093 1458 nouen't
1107 1407 1185 1457 esse
1197 1407 1325 1457 conus.

449 1509 582 1605 AEquet
594 1528 686 1576 onus
702 1504 810 1598 butor,
833 1521 870 1580 et
880 1522 922 1580 ut
940 1507 1023 1580 cusi
1030 1523 1211 1606 corrgmat
1227 1523 1347 1596 actus,
1411 1531 1420 1540 ·

490 1626 656 1704 Accedat
663 1625 839 1725 guerricus
847 1655 925 1731 por
938 1631 979 1704 iu
993 1643 1144 1732 utroque
1159 1629 1231 1702 oti.

452 1753 614 1822 marma
628 1747 718 1848 quid
724 1750 889 1852 prodest,
911 1752 1136 1852 ubr'longoet
1148 1751 1259 1824 debile
1271 1763 1399 1852 pectus

491 1876 540 1944 Et
552 1870 660 1944 utum
677 1871 828 1972 trepido
842 1873 1030 1950 demum
1048 1870 1209 1948 mantes?

453 2000 605 2068 Ferrum
618 1993 744 2066 emmo
756 2012 876 2087 coeat,
897 2021 1096 2102 corpusque
1114 2009 1464 2096 ororeturutroque,

492 2119 678 2214 Jurrgatur
696 2117 829 2218 capulo
843 2145 1007 2196 consono
1021 2121 1158 2196 deetro
1176 2143 1252 2192 suo.

453 2241 544 2312 Hcec
559 2238 712 2312 celebres
725 2239 994 2344 edrmtpugnos
1009 2298 1025 2333 ,
1040 2237 1424 2344 quiajuuctu'm'gonssr

493 2362 581 2434 Plus
594 2360 749 2436 retinere
762 2365 891 2456 solent,
913 2366 1113 2442 ds’ssocmta
1126 2368 1256 2440 murts.

453 2483 551 2558 Hinc
570 2483 638 2558 tibi
658 2486 692 2558 si
705 2486 837 2589 volupe
851 2504 906 2561 est
919 2489 1215 2564 bellt'darescere
1231 2487 1378 2590 polono,

396 2611 398 2618 '
495 2609 710 2682 Conseruere
726 2633 837 2700 ausu,
856 2613 956 2714 quod
963 2613 1099 2716 premis
1113 2612 1190 2716 ipse
1203 2635 1327 2685 manu.

402 2753 569 2851 Cumque
586 2754 699 2828 multa
720 2753 766 2827 ad
783 2754 881 2830 hune
897 2756 1045 2832 modum
1069 2773 1236 2857 coaptato
1266 2751 1520 2854 rhythmorum
1547 2775 1613 2823 ca-

299 2897 387 2947 nore
407 2882 662 2973 prompsisset,
683 2876 837 2953 dimissis
859 2881 1071 2971 comitibus,
1104 2879 1298 2954 adversum
1319 2876 1614 2950 obscoenissimas

296 3012 548 3096 portentorum
570 3015 731 3075 catervas
755 3017 899 3075 noctem
914 3001 1118 3077 dimicando
1141 3021 1343 3102 permensa,
1365 2998 1447 3070 luce
1467 2993 1613 3069 reddita

298 3123 415 3194 varias
430 3117 612 3196 larvarum
628 3121 803 3197 formulas
828 3141 864 3198 et
885 3129 1050 3199 inusitata
1067 3127 1270 3224 specierum
1283 3122 1454 3220 figmenta
1472 3119 1613 3219 passim

299 3243 394 3314 aruis
427 3241 593 3318 incidisse
617 3247 819 3343 cognoscit,
852 3252 943 3320 inter
965 3269 1057 3347 quas
1081 3236 1244 3346 et'ipsius
1265 3241 1448 3317 Thorildae
1470 3241 1612 3318 crebris

299 3361 430 3438 obfusa
447 3364 659 3440 vulneribus
682 3367 815 3466 effigies
835 3368 1029 3443 visebatur.
1089 3371 1187 3464 Quas
1209 3371 1246 3439 in
1266 3383 1403 3441 struem
1419 3377 1614 3462 congestas

299 3486 433 3584 ingenti
445 3512 537 3586 pyra
556 3512 707 3562 accensa
726 3494 908 3581 cremavit,
932 3517 979 3564 ne
1002 3506 1092 3564 teter
1115 3490 1375 3564 obscoenorum
1390 3485 1613 3562 cadurcium

299 3604 393 3680 odor
406 3609 575 3706 pestifera
590 3610 813 3685 exhalatione
841 3611 992 3687 diffusus
1005 3615 1158 3711 propius
1173 3609 1384 3684 accedentes
1406 3609 1612 3709 corruptio·

212 3759 219 3774 ·
299 3733 354 3802 nis
370 3737 535 3830 contagio
552 3735 737 3806 sauciaret.
788 3738 870 3827 Quo
895 3735 1000 3830 facto,
1021 3739 1188 3836 Regnero
1202 3735 1329 3807 Svetiae
1346 3757 1515 3832 regnum,
1538 3729 1610 3804 sibi

300 3875 389 3926 vero
402 3853 557 3952 Regneri
570 3871 690 3927 torum
706 3855 941 3930 conciliavit&
992 3859 1062 3952 Qui
1079 3855 1162 3931 licet
1177 3857 1379 3929 tirocinium
1395 3855 1529 3953 nuptiis
1544 3878 1615 3926 au-

298 3976 429 4072 spicari
453 3973 614 4050 deforme
631 3978 855 4072 existimaret,
878 3995 1027 4086 serratas
1045 3980 1170 4054 salutis
1192 4004 1269 4054 suae
1285 3993 1455 4078 respectu
1471 4003 1614 4076 provo·

299 4111 400 4170 catus
416 4099 638 4196 promissum
654 4097 832 4172 beneficio
852 4101 1037 4175 exsolvit2.

429 4223 525 4292 Inter
545 4217 626 4292 hoee
648 4219 757 4292 Ubbo
775 4219 936 4319 quidum
958 4249 1120 4298 sororem
1134 4222 1327 4298 Frothonis
1340 4219 1518 4296 Ulvildam
1531 4199 1610 4320 ¹jam

299 4341 441 4439 pridem
456 4348 683 4417 matrimonio
704 4342 927 4443 complexus,
943 4347 1068 4420 Daniae
1081 4371 1245 4448 regnum,
1263 4347 1368 4446 cujus
1382 4351 1613 4445 procuratio·

348 4663 499 4742 'Rrguero
514 4667 618 4728 &retice
637 4691 768 4751 reguum,
788 4673 845 4733 sibi
854 4697 921 4736 vero
1028 4666 1196 4750 ²Ersoluit]
1211 4671 1255 4732 ita
1263 4657 1444 4754 stephanius
1457 4689 1515 4756 pro
1526 4695 1612 4732 exeo-

302 4767 429 4848 Reguert'
439 4785 533 4830 torum
552 4771 730 4852 corroiliavt't]
748 4778 794 4838 Dc
812 4779 921 4840 amori·
984 4779 1038 4838 luit
1051 4775 1083 4838 in
1096 4774 1143 4838 ed.
1152 4773 1259 4860 princ„
1271 4774 1354 4860 quod
1361 4776 1478 4838 nullum
1487 4795 1611 4840 tensum

298 4869 717 4960 busSranhritznetchncri
732 4877 921 4944 vidnotmb.
982 4881 1109 4965 prabet.
