3446 5458
378 335 452 412 218
721 335 895 407 lllSTOR.
912 337 1017 406 DAN.
1035 334 1172 407 LIBER
1192 338 1233 410 V.

328 550 423 638 tur¹,
452 544 672 650 perindeque
691 567 797 616 omne
818 564 937 643 poenae
970 543 1115 644 pondus
1144 560 1288 644 repente
1317 543 1502 639 decidere,
1532 545 1615 645 quod

323 667 445 768 ordpm
460 685 580 742 catena
595 691 667 739 non
682 666 805 740 fixerit.
868 666 908 740 ld
932 685 993 742 ecs
1022 668 1121 766 apud
1134 665 1354 742 Frotlronem
1367 693 1487 768 nuper
1499 693 1615 768 exper-

316 808 385 866 ’ωε
406 815 494 884 esse,
507 803 706 880 cernentes,
727 790 960 863 innocentiam
980 811 1084 862 suam
1105 791 1198 864 inter
1217 793 1419 891 aegerrimos
1441 813 1544 864 casus
1560 789 1616 864 diis

328 912 582 1014 opitulantibus
596 911 704 984 iirisse
718 903 913 1006 defensam,
929 912 1130 1012 eademque
1147 913 1292 988 ulterius
1307 930 1524 1006 conservata,
1538 937 1614 987 con-

241 1075 250 1111 :
326 1037 475 1114 similem
489 1039 529 1109 in·
543 1033 701 1108 adversis
716 1058 823 1130 opem
836 1057 979 1144 sperare
993 1035 1136 1110 debere.
1163 1034 1300 1109 Deinde
1317 1035 1439 1135 fugam
1455 1061 1517 1138 eos
1532 1061 1614 1136 pau-

326 1160 435 1258 lisper
449 1158 584 1258 fingere
599 1173 777 1257 oportere,
801 1157 1000 1254 siprimum
1024 1185 1046 1232 a
1074 1162 1206 1232 Gotaro
1232 1158 1379 1231 lacessiti
1396 1153 1532 1249 forent,
1562 1160 1615 1256 ju-

326 1285 467 1360 stiorem
481 1279 569 1354 belli
581 1279 721 1357 titulum
735 1279 929 1354 habtnnos.
984 1283 1131 1355 Manum
1147 1280 1320 1379 siquidem
1336 1281 1460 1378 capitis
1477 1286 1614 1378 pericu-

325 1410 363 1482 lo
388 1406 515 1505 objici,
544 1410 639 1476 omni
664 1405 744 1502 jure
760 1409 975 1502 permissum
998 1409 1109 1478 esse2.
1161 1406 1257 1477 Raro
1281 1420 1400 1478 autern
1423 1427 1615 1504 quenquam

325 1533 551 1606 commissam
565 1551 650 1599 cum
670 1527 818 1600 innoxiis
839 1551 998 1626 pugnam
1024 1525 1171 1599 feliciter
1197 1531 1322 1624 exequi
1350 1551 1468 1625 posse.
1532 1531 1617 1602 Prius

325 1677 415 1754 ergo
436 1650 577 1724 hostem
602 1646 792 1742 adversum
815 1673 855 1722 se
874 1649 1147 1746 provocandum
1161 1673 1256 1743 esse,
1283 1673 1358 1746 quo
1382 1651 1512 1748 justior
1534 1675 1615 1721 eun-

325 1777 409 1850 dem
428 1770 619 1872 impetendi
651 1794 757 1842 causa
787 1769 996 1845 succederet.
1060 1775 1131 1844 Nec
1153 1771 1259 1871 plura
1278 1771 1459 1863 clocutus,
1482 1771 1615 1844 domurn

321 1877 638 1976 'Bmumtnvinre
651 1895 777 1994 pergit.
828 1893 966 1966 Deinde
980 1893 1026 1968 ad
1044 1897 1251 1968 Guuvaram
1273 1883 1489 1988 conversus,
1514 1919 1616 1992 expe-

323 2020 458 2096 riendae
474 2019 551 2116 ejus
577 2015 660 2090 fidei
680 2020 792 2117 gratia
807 2033 1049 2115 percontatur,
1080 2043 1125 2088 an
1150 2017 1322 2090 Getarum
1347 2015 1445 2090 cordi
1470 2015 1617 2098 haberet,

324 2143 509 2245 indignum
538 2139 680 2232 docens,
704 2142 808 2240 regine
836 2141 952 2238 stirpis
968 2137 1125 2238 puellam
1149 2155 1235 2227 ¹toro
1268 2139 1454 2240 popularis
1476 2138 1617 2236 astringi.

324 2273 440 2361 Quem
455 2263 515 2336 illa
530 2287 597 2360 per
612 2261 763 2336 deorum
779 2263 923 2334 numina
946 2265 1139 2360 impensius
1167 2261 1333 2336 obtestari
1365 2286 1552 2362 aggressa,
1573 2259 1615 2331 ti-

322 2395 453 2465 etimne
483 2391 530 2458 a‘n
557 2387 733 2458 veraciter
754 2387 949 2494 excogitata
971 2385 1144 2458 haberet?
1177 2385 1240 2457 ‘Eo
1264 2409 1332 2482 per
1353 2387 1486 2458 serium
1509 2407 1547 2457 se
1563 2383 1615 2455 lo-

322 2527 447 2586 cutum
470 2508 618 2600 dicente,
645 2511 756 2606 Ergo,
780 2508 913 2604 inquit,
938 2525 1136 2580 extremum
1160 2505 1249 2578 mihi
1276 2507 1450 2582 ruborem
1479 2509 1616 2606 injicere

320 2637 439 2734 paras,
455 2653 565 2730 quarn
581 2631 752 2729 virginem
769 2629 952 2720 adamasti,
977 2629 1120 2704 viduam
1136 2629 1334 2705 relicturus.
1395 2633 1500 2729 Saepe
1514 2627 1617 2702 rebus

320 2755 539 2829 contrarium
570 2750 664 2824 fama
692 2750 864 2850 praedicat
895 2751 1100 2852 popularis3
1132 2747 1259 2826 mede
1282 2771 1317 2828 te
1348 2751 1473 2826 fefellit
1495 2755 1616 2850 opinio.

321 2876 501 2950 Constanti
520 2878 685 2972 nupsisse
716 2874 906 2971 putabam,
927 2891 962 2947 et
982 2899 1078 2947 nunc
1104 2879 1218 2948 ventis
1242 2874 1415 2948 leviorem
1449 2877 1616 2973 experior,

320 3022 431 3098 quem
448 2995 656 3069 indubitatae
677 2995 759 3069 fidei
776 2997 886 3070 finisse
908 2997 1112 3097 sperabam.
1181 3001 1267 3070 Haec
1293 2995 1364 3070 fata
1388 2993 1534 3070 abunde
1561 2989 1615 3064 la-

202 3127 203 3130 ’
321 3119 487 3215 clnymns
499 3117 605 3190 dedit
655 3121 764 3191 Grata
778 3105 885 3192 Erico
901 3120 1021 3193 uxoris
1039 3117 1234 3220 indignatio
1250 3119 1328 3211 fuit,
1354 3122 1413 3193 cui
1431 3144 1516 3191 mox
1541 3141 1614 3188 am-

318 3241 466 3342 pletum
493 3241 674 3338 injiciens,
698 3244 800 3334 scire,
833 3245 896 3335 ait,
920 3240 1100 3333 volebam,
1126 3257 1300 3340 quantum
1314 3241 1378 3314 tibi
1400 3247 1436 3313 in
1458 3267 1518 3313 me
1541 3234 1614 3312 iidei

317 3379 423 3441 esset.
454 3365 553 3436 Mors
579 3361 657 3436 sola
681 3344 926 3462 diremptionis
955 3379 1085 3436 nostrae
1113 3366 1174 3462 jus
1200 3361 1374 3468 possidet,
1432 3365 1485 3436 Te
1506 3379 1614 3436 tamen

318 3491 473 3562 Gtitsrus
497 3488 616 3584 raptui
643 3485 812 3576 destinat,
842 3483 1002 3560 amorem
1015 3485 1202 3559 latrocinio
1226 3474 1452 3586 quaesiturus.
1507 3489 1614 3579 Quem

318 3635 434 3709 quum
454 3609 653 3709 peregerit,
677 3625 739 3682 tua
759 3625 900 3710 gestum
926 3608 1052 3684 simula
1073 3609 1266 3704 voluntate,
1291 3606 1523 3712 nihilominus
1546 3635 1613 3680 nu-

316 3889 322 3904 ·
363 3861 502 3918 'Fercem
526 3856 639 3918 Iabriem
659 3879 732 3926 esre,
759 3863 811 3940 qni
826 3861 939 3922 oritrnlo
997 3859 1080 3937 cina,
1108 3877 1176 3943 quse
1202 3857 1288 3920 nullo
1303 3859 1525 3944 constringitur
1538 3855 1612 3930 fitne,

235 4033 250 4062 ·
315 3957 530 4046 nonfirnretnr]
554 3963 595 4022 Μ.
615 3959 779 4042 Brynolfus
802 3962 834 4024 in
856 3964 938 4028 notis
997 3965 1096 4028 soluta
1121 3976 1176 4042 est,
1196 3963 1237 4032 its
1261 3965 1450 4028 miseriarum
1475 3985 1550 4028 onus
1566 3981 1612 4024 ns·

315 4065 474 4150 stephanii
496 4064 655 4148 opinatur,
685 4066 841 4154 antiquum
864 4077 941 4154 pro-¹
995 4069 1107 4132 minem
1123 4069 1270 4154 opprimit
1279 4073 1450 4152 mortalem,
1466 4073 1523 4138 nisi
1533 4091 1610 4157 quem

314 4170 452 4234 verbiunr
464 4172 523 4233 tale
537 4169 644 4234 fuisse:
658 4177 738 4235 Laus
748 4199 781 4236 er
793 4177 936 4239 barrdlaus
996 4177 1122 4263 proptia
1138 4177 1327 4262 constringat
1340 4179 1439 4264 culpa.

313 4279 407 4362 haggi
418 4277 438 4340 i.
449 4295 474 4340 e.
483 4277 582 4340 soluts
595 4289 640 4340 est
654 4278 780 4359 sarcina,
796 4303 864 4366 quae
873 4283 936 4346 vin·

313 4385 383 4447 culo
405 4396 497 4447 caret.
546 4383 654 4446 Erlctts
674 4383 735 4450 duo
759 4387 810 4450 bic
835 4389 938 4452 attulit
1040 4393 1187 4451 ²Martum
1206 4391 1346 4472 siquidem
1371 4395 1479 4477 capitis
1492 4391 1610 4479 periculo

313 4489 493 4572 proverbia,
521 4511 650 4574 quorum
672 4491 766 4578 prius,
783 4494 843 4572 jam
864 4493 939 4556 alla·
998 4496 1095 4575 objicr',
1109 4499 1189 4556 omni
1197 4495 1261 4573 jure
1272 4499 1446 4580 permissum
1460 4493 1532 4578 esse]
1540 4491 1609 4556 Huic

314 4605 389 4672 tum,
401 4613 519 4659 sensum
532 4595 698 4680 physicum,
708 4599 859 4684 posterius
870 4617 938 4664 sen=
996 4599 1154 4662 sententiae
1169 4611 1307 4662 accurate
1318 4599 1485 4685 respondet
1497 4619 1609 4686 proter·

311 4719 379 4762 sum
395 4687 541 4765 moralem
561 4703 693 4784 exhibet,
721 4705 763 4768 ita
786 4717 887 4769 tamen
903 4719 937 4770 ut
996 4702 1080 4767 bium
1094 4704 1285 4784 islandicam,
1314 4703 1397 4790 quod
1420 4706 1459 4770 ad
1479 4705 1608 4770 huncio

313 4819 475 4892 linumque
494 4809 526 4870 in
547 4808 672 4871 eandem
692 4823 854 4873 concurrat
869 4833 935 4874 sen·
996 4831 1063 4873 curn
1077 4811 1178 4873 attulit
1199 4817 1239 4876 M.
1263 4810 1445 4894 Brynclicst
1477 4815 1564 4898 styla
1581 4833 1607 4870 er

315 4912 447 4974 tentiam.
472 4914 729 5005 Quemadmodum
744 4915 859 4977 scilicet
872 4937 934 4977 sar·
995 4917 1084 4978 leardo
1101 4915 1146 4978 ati
1161 4919 1258 5002 doffdc
1270 4921 1345 4982 bero.
