3446 5458
343 293 415 368 212
692 287 868 362 HISTOR.
883 287 989 360 DAN.
1003 288 1140 363 LIBER
1158 287 1198 368 V.

275 492 558 600 'minisgenus¹.
596 497 758 571 Circulus
775 497 904 571 vimine
920 495 977 573 vel
1004 493 1090 570 fune
1113 510 1295 570 contextus
1315 517 1448 596 magno
1464 493 1601 596 pedum

291 646 536 718 manuumque
553 637 684 695 conatu
698 618 926 694 decertaturis
950 623 1079 716 raptim
1095 615 1343 706 distrahendus
1358 617 1516 692 exhiberi
1530 643 1598 693 so-

290 752 399 840 lebat,
424 745 559 822 sortiori
573 742 733 816 tribuens
746 739 925 840 palmam,
957 767 1068 841 quem
1085 739 1354 827 colluctantium
1378 742 1410 814 si
1434 746 1516 839 quis
1536 739 1600 814 al-

292 879 351 946 teri
369 870 584 958 detraxisset,
610 867 751 938 victoria
770 865 981 938 donabatur.
1023 845 1092 936 *ln
1112 888 1221 962 quem
1245 862 1394 937 modum
1409 865 1603 964 agonizans

292 999 433 1085 EricuS,
468 1004 663 1087 correptam
691 990 806 1061 acrius
831 981 957 1060 restem
995 985 1159 1058 manibus
1184 987 1413 1060 concertantis
1443 983 1600 1056 excussit

293 1115 399 1211 Quod
412 1113 542 1186 Frotlro
559 1109 694 1200 videus,
707 1109 883 1201 Arduum,
893 1109 1017 1206 inquit,
1035 1133 1116 1181 reor
1130 1124 1250 1181 contra
1261 1107 1391 1182 'sortem
1405 1108 1489 1181 sune
1504 1133 1599 1182 cone

290 1237 463 1312 tendere2.
515 1239 560 1306 Et
572 1235 716 1304 Ericus:
752 1231 914 1304 Arduum
931 1229 1063 1326 utique,
1079 1255 1162 1303 cum
1187 1232 1330 1328 corpori
1356 1248 1489 1304 struma
1508 1231 1599 1304 insi-

292 1363 435 1435 detaut
467 1376 605 1456 tergum
632 1371 782 1452 occupat
799 1354 941 1454 gibbus.
1002 1354 1192 1450 Statimque
1218 1350 1395 1450 propulso
1420 1351 1513 1452 pede
1536 1376 1600 1425 se-

291 1512 373 1558 nem
388 1481 469 1558 colli
482 1477 599 1554 senilis
616 1501 658 1548 ac
676 1475 773 1550 dorsi
795 1475 964 1548 fractione
980 1477 1151 1548 contrivit.
1207 1477 1257 1545 Ita
1271 1477 1487 1549 Westmarus
1504 1472 1601 1546 inef-

293 1608 384 1681 ficax
402 1605 543 1678 ultionis
565 1597 722 1688 molitor,
756 1596 844 1669 dum
863 1597 1036 1670 vindicem
1053 1621 1158 1696 agere
1177 1594 1331 1690 studuit,
1362 1600 1397 1669 in
1422 1597 1599 1670 ulciscen-

292 1728 424 1802 dorum
446 1740 575 1798 sortem
598 1719 734 1810 incidit,
770 1745 926 1818 quorum
952 1719 1072 1794 ulcisci
1097 1719 1257 1817 cupierat
1283 1718 1426 1810 caedem,
1451 1719 1602 1819 imagine

293 1849 513 1950 profligatus.
1328 1849 1333 1858 '
1450 1835 1452 1843 ⁴

424 1974 468 2041 At
481 1965 657 2041 Frotlrone
672 1965 816 2036 Ericum
831 1965 926 2063 jactu
944 1965 1024 2038 sicae
1043 1965 1199 2062 trajicere
1221 1963 1425 2056 meditante,
1458 1963 1602 2038 conscia

297 2095 457 2165 fraternae
477 2091 601 2162 mentis
619 2091 798 2176 Gunvara,
823 2073 996 2184 sponsum
1019 2085 1169 2186 periculi
1185 2091 1455 2186 praemonitum,
1480 2086 1599 2158 nemi-

295 2241 386 2306 nem,
409 2215 533 2312 inquit,
557 2214 749 2309 sapientem
765 2208 851 2298 fore,
876 2211 938 2306 qui
961 2211 1015 2283 sui
1033 2213 1197 2307 provisor
1213 2235 1285 2280 non
1302 2211 1354 2282 sit.
1412 2211 1494 2298 Quo
1509 2205 1600 2278 dictu

295 2339 417 2410 Ericus
441 2331 692 2434 propulsandae
714 2329 848 2404 fraudis
873 2329 1093 2424 admonitus,
1114 2347 1314 2430 suggestam
1337 2329 1404 2402 sibi
1431 2326 1600 2402 cautelam

295 2474 441 2558 argutus
462 2457 605 2554 excepit
675 2456 852 2525 Continuo
879 2478 1034 2550 namque
1066 2452 1242 2546 exsiliens,
1276 2449 1527 2550 triumphalem
1558 2450 1602 2524 ait

297 2579 371 2652 fore
389 2577 535 2678 gloriam
559 2577 758 2675 sapientis³,
792 2574 918 2648 dolum
934 2579 1062 2648 suimet
1080 2574 1230 2649 ultorem
1249 2577 1408 2665 existere,
1430 2573 1601 2648 ‘modesto

296 2701 485 2776 vocationis
503 2725 630 2801 genere
643 2695 833 2769 insidiantis
846 2700 1024 2797 ingenium
1040 2697 1208 2771 lacerans.
1269 2700 1385 2790 Quem
1406 2722 1521 2796 quum
1542 2721 1600 2768 rex

295 2825 475 2920 repentino
501 2821 604 2919 cultri
624 2823 720 2918 jactu
741 2817 974 2892 declinantem
1000 2844 1176 2919 occupare
1193 2845 1265 2892 non
1285 2836 1421 2917 posset,
1453 2819 1599 2894 adverso

295 2945 418 3042 parieti
433 2941 674 3016 errabundum
695 2941 813 3014 incidit
833 2941 976 3016 fenum.
1035 2947 1138 3018 Tunc
1154 2945 1203 3014 sic
1221 2945 1374 3046 Ericusa
1388 2939 1601 3042 Ponigenda

294 3083 376 3140 sunt
391 3067 508 3137 amicis
523 3088 688 3154 munera,
722 3090 795 3137 non
820 3066 1001 3162 jactanda3
1017 3065 1204 3165 probabile
1226 3065 1364 3139 fecisses
1387 3063 1541 3156 donum,
1570 3068 1598 3139 si

297 3190 460 3261 comitem
473 3187 569 3260 serro
585 3187 749 3285 vaginam
764 3186 932 3262 dedisses.
984 3193 1100 3281 Quam
1115 3213 1177 3262 rex
1192 3190 1357 3262 contiuuo
1371 3187 1514 3286 cingulo
1529 3185 1599 3261 de-

296 3325 440 3382 tractam
455 3311 588 3407 petenti
603 3307 755 3398 tradidit,
780 3310 1018 3384 moderatione
1032 3311 1141 3386 hostis
1157 3311 1280 3386 odium
1303 3310 1483 3412 deponere
1508 3334 1598 3384 coa-

297 3445 381 3502 ctus.
439 3433 488 3502 ua
507 3429 628 3502 attens
647 3431 873 3506 simulationis
890 3431 1059 3507 nausma
1087 3432 1249 3508 delinitus
1265 3406 1434 3507 emissum
1450 3433 1599 3533 maligne

213 3614 218 3625 ,
296 3551 404 3624 telum
421 3551 572 3650 benigne
590 3551 847 3650 possidendum
870 3557 1047 3630 concessit
1108 3557 1162 3627 Sic
1178 3563 1302 3630 Ericus
1325 3572 1505 3656 exceptam
1520 3553 1597 3628 dis-

296 3671 498 3746 simulanter
528 3675 692 3772 injuriam
723 3675 770 3748 ad
802 3676 1016 3750 beneficium
1046 3679 1238 3772 transtulit,
1273 3679 1483 3752 destinatum
1512 3674 1599 3751 cladi

297 3821 372 3870 suae
388 3789 523 3868 ferrum
549 3799 663 3870 eximii
677 3803 833 3872 muneris
849 3797 928 3871 loco
946 3786 1162 3898 complexus.
1224 3800 1333 3895 Quod
1356 3805 1451 3876 enim
1470 3799 1597 3874 Frotho

297 3917 448 3993 nocendi
464 3916 580 3994 studio
595 3936 760 4018 gesserat,
772 3919 830 3993 hic
845 3919 1058 3995 liberalitatis
1074 3924 1216 3998 nomine
1232 3923 1428 3999 colorabat
1466 3921 1597 3998 Deinde

297 4063 490 4138 corporum
510 4066 604 4116 curae
621 4041 797 4116 indultum
821 4059 880 4116 cst.
936 4047 1047 4118 Noctu
1071 4047 1250 4139 Gunvara,
1270 4049 1371 4119 tacite
1384 4048 1530 4122 excitato
1544 4069 1595 4135 eo,

350 4317 360 4352 ¹
371 4318 445 4378 Erat
456 4331 551 4378 antem
565 4317 624 4379 tale
635 4321 801 4380 certaminis
814 4317 921 4402 genus]
982 4315 1116 4381 lslandos
1129 4319 1341 4404 proverbium:
1365 4325 1412 4386 illt
1425 4349 1458 4386 er
1465 4323 1516 4386 vid
1524 4342 1592 4383 ram·

298 4413 399 4480 Ludus
415 4419 494 4481 inter
521 4433 638 4485 veteres
653 4423 797 4485 Boreales
818 4409 940 4508 vulga·x
982 4449 1049 4488 man
1065 4431 1127 4513 reip
1139 4445 1171 4488 at
1180 4429 1291 4512 drage,
1305 4427 1389 4514 quod
1398 4431 1461 4511 jam
1470 4429 1500 4490 in
1507 4425 1593 4490 hiato·

298 4523 351 4599 ris,
369 4523 576 4587 Sltinu-drattr
594 4526 657 4589 sive
682 4527 864 4614 reip-drattr
879 4529 924 4592 di·
980 4530 1025 4592 ria
1037 4529 1116 4592 Niali
1134 4536 1268 4594 occurrit
1284 4551 1350 4617 cap.
1366 4529 1397 4596 6.

299 4640 377 4704 ctus,
393 4627 430 4688 de
447 4651 508 4714 quo
526 4629 584 4694 vid.
597 4645 660 4694 not.
675 4629 759 4697 uber.
1026 4639 1262 4724 'Triumphalem
1279 4639 1402 4724 aitsore
1415 4642 1535 4724 glon'nm
1547 4659 1591 4697 sa·

344 4735 511 4808 ²Ardnum,
533 4740 639 4820 inquit,
661 4763 726 4799 reor
739 4756 841 4804 eontra
850 4742 921 4826 sor·
976 4739 1098 4826 pt'entis]
1118 4745 1330 4830 Triumphalem
1347 4747 1427 4810 Saxo
1452 4745 1508 4808 boc
1527 4740 1590 4803 l0⁰⁰

300 4839 441 4922 temsnne
455 4839 638 4920 contendere]
653 4845 767 4903 Notum
782 4857 827 4906 est
842 4846 922 4907 inter
980 4845 1126 4931 intelligit
1142 4854 1291 4922 eximiam,
1311 4875 1456 4916 summam.
