3520 5462
694 285 900 370 RllRlCllS.
1324 301 1394 372 136

141 507 288 584 Ubboui
313 531 447 607 magno
474 513 613 582 vinata
641 505 773 581 iudicio
797 505 873 582 luit.
940 511 1065 606 Neque
1086 510 1179 582 enim
1206 533 1289 584 eum
1307 511 1446 586 obrutae
1568 499 1574 510 '
1630 461 1633 470 A

138 629 315 706 maumas
336 629 509 704 damnum
535 629 663 704 audaci
689 634 817 704 mentis
845 630 1034 726 proposito
1060 637 1172 719 exuit,
1213 656 1259 706 ne
1280 639 1445 706 virtutem

135 759 297 830 auratae
310 751 496 852 stipendiis
513 752 707 828 obnoxiam
723 753 849 826 fecisse
868 751 1056 827 videretur.
1116 756 1228 853 Igitur
1250 751 1354 828 avide
1372 779 1445 853 pe-

138 881 204 952 tito
220 878 426 966 certamine,
448 899 487 949 ae
505 877 625 974 potius
642 871 815 948 honestati
833 875 1016 966 intantum,
1042 901 1152 975 quarn
1168 882 1318 976 questui
1335 875 1444 950 detli-

139 1017 216 1074 tunt
228 1004 392 1098 pecuniae
406 995 592 1096 cupiditati
608 993 849 1100 fortitudinem
867 996 1067 1094 praetulisse
1089 1000 1318 1091 monstrabat,
1342 998 1445 1074 fidu·-

138 1125 232 1196 utam
245 1127 301 1198 sui
317 1147 392 1206 uon
412 1127 448 1194 in
468 1122 596 1218 pretio,
620 1118 685 1193 sed
704 1119 991 1216 magnanimitate
1013 1125 1205 1219 inpositam
1231 1138 1444 1196 ostensurus.

138 1247 213 1318 Nec
227 1267 342 1334 mora,
358 1243 549 1318 eiaculatur
566 1245 752 1342 catapusi,
777 1240 886 1314 milite
904 1246 1021 1316 circus
1038 1248 1199 1341 stipatur,
1226 1258 1444 1318 concurrunt

136 1366 293 1466 pugiles,
306 1366 348 1440 fit
367 1367 500 1464 fragor,
524 1365 642 1442 fremit
656 1369 845 1463 spectatrix
867 1363 974 1436 turba
991 1379 1156 1438 votorum
1171 1369 1344 1468 suffragiis
1361 1365 1441 1440 dis-

136 1515 230 1566 cors.
279 1487 550 1564 Excandescunt
571 1490 678 1588 igitur
693 1485 835 1561 athletae
855 1491 990 1574 animis,
1023 1503 1059 1560 et
1075 1492 1205 1564 mutuis
1221 1496 1255 1564 in
1277 1488 1439 1562 vulneri·-

135 1614 210 1688 bus
233 1625 378 1686 ruentes
408 1609 562 1686 eundem
592 1610 680 1684 lueis
711 1633 755 1682 ac
774 1631 907 1708 pugna.
929 1615 1059 1682 exitum
1081 1617 1294 1704 sortiuntur,
1318 1609 1439 1698 credo,

137 1750 355 1834 procurante
376 1733 537 1823 fortuna,
569 1731 724 1806 ue‘alter
738 1731 883 1806 alterius
901 1737 1005 1806 exitio
1021 1731 1173 1831 gloriam
1193 1735 1438 1836 voluptatem·
1487 1751 1495 1766 ·

136 1883 211 1956 que
235 1861 446 1957 perciperet.
518 1860 606 1949 Quat
628 1879 686 1930 res
708 1855 839 1930 aeneo
866 1853 1057 1930 rebellium
1080 1859 1217 1933 animos
1242 1857 1467 1935 conciliavit·

136 1979 345 2078 otbutaque
361 1979 522 2054 restituit
587 1982 592 2000 '

267 2099 406 2176 Eodem
426 2119 588 2200 tempore
601 2097 853 2176 Hoevendillus
865 2117 900 2174 et
909 2105 1043 2200 Fengo,
1061 2127 1217 2200 quorum
1227 2121 1328 2203 pater
1342 2109 1437 2180 Ger-

136 2221 336 2300 ttendillus²
352 2225 519 2300 tutorum
541 2225 730 2323 praefectus
751 2229 921 2315 extiterat,
940 2222 1057 2298 eidem
1081 2249 1101 2296 a
1119 2229 1248 2302 lliirico
1273 2235 1308 2300 in
1333 2231 1436 2300 lutiae

133 2345 343 2447 prteadium
372 2345 648 2448 subroganturl.
707 2351 752 2420 At
781 2344 1046 2437 Hortendillus,
1070 2352 1220 2422 triennio
1251 2346 1437 2450 tyrannide

22 2512 27 2527 ·
135 2486 255 2570 guala,
281 2493 349 2568 per
369 2493 547 2550 tammam
569 2495 688 2548 rerum
714 2469 865 2571 gloriam
894 2470 1050 2567 piraticae
1077 2471 1324 2562 incubuerat⁴,
1353 2496 1435 2546 cum

180 2761 372 2828 'Circulatur
384 2761 515 2854 campus]
532 2767 576 2828 lta
587 2763 698 2829 rcctltta
712 2765 757 2828 lc·
812 2775 883 2828 cunt
897 2765 1030 2845 nomina,
1050 2789 1119 2853 quae
1131 2768 1163 2831 in
1185 2753 1386 2832 monumentis
1395 2765 1436 2823 la-

133 2867 267 2955 geudutn
286 2887 350 2932 esse
373 2867 554 2935 existimavit
572 2869 754 2955 stephanius
812 2869 1335 2958 landarumfrequenteroccurruut.
1354 2871 1434 2936 Vea-

134 2997 194 3064 pro
216 2981 366 3040 circuatur
388 2978 421 3040 itt
450 2975 584 3042 editione
607 2974 755 3061 principa.
811 2974 856 3040 dil
870 2989 916 3041 eat
938 2995 1108 3062 cognomen
1126 3000 1161 3044 ex
1181 2977 1280 3065 patria
1293 2971 1434 3046 Vandilia

82 3129 83 3132 =
133 3085 283 3150 &aelati
294 3093 397 3148 uatum
403 3085 581 3148 Columella
595 3082 676 3164 (Lib.
684 3082 754 3163 llll)
810 3081 1032 3167 (venatum),
1045 3099 1132 3171 parte
1145 3087 1246 3164 Juuae,
1263 3103 1332 3168 (με
1343 3078 1434 3144 mxl·

130 3201 178 3276 ect
206 3190 397 3254 ct‘tcumdurt':
437 3192 523 3268 laquo
549 3191 657 3254 &belet
685 3205 753 3252 uate
810 3209 858 3252 me
877 3190 915 3254 ad
937 3194 1176 3276 septentrionem
1199 3191 1315 3274 vergit,
1343 3185 1434 3250 dedu·

131 3298 272 3360 ct'tculurt'
287 3296 423 3380 sessula,
453 3319 516 3380 quoe
545 3314 575 3358 et
606 3299 752 3384 repleatur
807 3307 898 3358 ctum.
939 3300 1092 3386 Fungonls
1107 3320 1227 3380 nomen,
1242 3294 1324 3384 quod
1341 3293 1388 3356 bis
1402 3317 1434 3356 a·

130 3403 277 3492 lapidibus
300 3417 330 3463 et
350 3403 435 3464 culce.
484 3399 598 3464 Eadem
627 3403 753 3465 notione
810 3400 1433 3490 pudSaxonentlegiturdslaudieignotum.

131 3529 191 3574 vox
222 3527 285 3570 non
311 3505 417 3590 ignota
438 3505 593 3570 Marciano
617 3508 751 3591 Capellae
856 3511 1021 3574 ’Ancaeo
1038 3515 1170 3574 inlatio
1185 3512 1354 3600 presidium
1369 3509 1433 3570 sub·

130 3612 182 3676 tit.
202 3613 272 3681 vua
285 3629 352 3694 cap·
376 3616 415 3674 de
433 3612 549 3677 c'tculo
566 3614 750 3676 antarctico:
810 3615 968 3700 ragueau]
990 3623 1036 3682 De
1060 3617 1152 3682 hacce
1173 3617 1339 3680 coertione
1361 3614 1432 3699 piu-

131 3723 221 3806 Qtoeut
239 3717 519 3802 qudemmeuatem,
533 3721 634 3804 qutun
648 3721 752 3783 sideri·
808 3745 842 3785 ra
861 3722 1001 3788 adfinem
1020 3724 1155 3788 historie
1180 3722 1316 3789 Amtethi
1341 3731 1431 3784 crunt

128 3827 179 3890 buc
196 3825 367 3896 simuletur,
386 3847 441 3910 ego
456 3841 591 3911 poteram
612 3851 750 3889 memora·
809 3826 966 3894 afferenda
979 3831 1010 3892 in
1029 3830 1190 3894 uocabat.

129 3955 167 3992 re.
207 3927 359 3992 Circulan
381 3926 494 3994 dicitur
515 3949 653 4016 camptu,
681 3951 750 3994 cum
853 3939 1187 4001 ‘Persummamrerum
1203 3941 1330 4022 gloriam
1344 3938 1430 4018 pt'ra·

128 4033 332 4098 orbiculatum
355 4033 480 4120 aliquod
501 4049 592 4100 terras
619 4037 750 4122 spatium
807 4047 870 4102 tice
886 4041 1067 4124 tituuluerut]
1090 4044 1231 4106 Piratioae
1254 4036 1427 4101 incumbere

29 4183 34 4192 -
128 4139 234 4202 cuculi
259 4139 293 4202 iu
319 4139 442 4204 modum
476 4141 667 4228 designatur,
698 4144 748 4206 rel
804 4148 835 4208 iu
853 4147 975 4231 seriptis
988 4146 1175 4211 lalaudorum
1189 4147 1314 4212 vetustis
1327 4141 1427 4226 expri-

126 4246 218 4310 edam
229 4242 382 4330 llpltllhut
396 4245 610 4331 circumdatur,
626 4263 678 4315 aut
692 4249 747 4313 lto·
802 4251 896 4315 mitur
913 4253 1097 4340 percisum
1114 4261 1127 4316 t'
1138 4257 1245 4340 ut'ltittg,
1291 4249 1425 4312 Honori-

125 4351 242 4416 tuimu
257 4350 419 4416 astantium
436 4354 526 4420 turba
549 4357 612 4422 aive
631 4357 746 4422 cusulo
803 4357 860 4420 lica
883 4355 921 4420 da
944 4357 1004 4422 huc
1021 4360 1138 4422 militie
1160 4377 1271 4444 genere
1293 4335 1428 4420 leatinto·

126 4455 402 4541 ammonitam,
421 4460 454 4524 in
465 4483 527 4547 quo
542 4463 668 4528 atltletae
684 4485 746 4526 ma-
803 4463 852 4526 nia
865 4464 977 4548 passim
993 4463 1157 4548 inscriptis
1171 4461 1360 4528 [claudorum
1376 4481 1427 4525 oc·

125 4583 182 4626 nna
201 4577 370 4629 comant
406 4564 457 4650 (S)
491 4569 586 4633 Plura
621 4567 659 4632 dc
687 4569 746 4632 hoc
805 4581 942 4647 currunt,
960 4590 987 4632 t.
1003 4589 1029 4632 c.
1049 4569 1081 4630 iu
1100 4569 1224 4633 historia
1247 4569 1341 4654 Egilli
1355 4571 1426 4634 Sca·

125 4667 339 4734 morendein
354 4671 518 4738 notabat.
753 4709 757 4720 ·
806 4671 1154 4759 lagrlmiicap.1p.4:
1180 4673 1250 4758 Dat
1269 4699 1324 4739 aar
1341 4677 1423 4736 noll-

170 4779 402 4842 ’Humndt'ltus
428 4798 458 4843 et
486 4787 599 4866 Fungo,
626 4805 745 4866 quorum
806 4805 841 4842 ur
859 4805 959 4844 sumar
980 4805 1012 4844 er
1022 4778 1201 4868 Dorolsrolt
1214 4788 1297 4866 syat't·
1315 4784 1423 4844 Berdlu

119 4899 210 4968 pater
233 4881 448 4966 cumulatus]
478 4887 582 4952 llt‘irdr
611 4901 642 4952 ct
674 4887 751 4960 Geir,
804 4889 886 4950 Ktra
899 4889 969 4972 la'gu
982 4895 994 4948 ι’
1007 4891 1118 4974 eu'liug,
1133 4885 1167 4954 ert
1185 4915 1254 4954 coro
1267 4891 1360 4952 actua
1377 4913 1423 4949 uta
