<?xml version="1.0" encoding="UTF-8"?>
<!DOCTYPE html PUBLIC "-//W3C//DTD XHTML 1.0 Transitional//EN"
    "http://www.w3.org/TR/xhtml1/DTD/xhtml1-transitional.dtd">
<html xmlns="http://www.w3.org/1999/xhtml" xml:lang="en" lang="en">
 <head>
  <title>
</title>
<meta http-equiv="Content-Type" content="text/html;charset=utf-8" />
  <meta name='ocr-system' content='tesseract 3.04.00' />
  <meta name='ocr-capabilities' content='ocr_page ocr_carea ocr_par ocr_line ocrx_word'/>
</head>
<body>
  <div class='ocr_page' id='page_1' title='image "./historiadanica00velsgoog_0565.png"; bbox 0 0 3506 5458; ppageno 0'>
   <div class='ocr_carea' id='block_1_1' title="bbox 380 285 1240 368">
    <p class='ocr_par' dir='ltr' id='par_1_1' title="bbox 380 285 1240 398">
     <span class='ocr_line' id='line_1_1' title="bbox 380 285 1240 368; baseline 0.005 -6"><span class='ocrx_word' id='word_1_1' title='bbox 380 285 455 362; x_wconf 81' lang='lat' dir='ltr'><strong>stt</strong></span> <span class='ocrx_word' id='word_1_2' title='bbox 588 300 592 333; x_wconf 67' lang='lat'><em>2</em></span> <span class='ocrx_word' id='word_1_3' title='bbox 729 291 904 364; x_wconf 82' lang='lat' dir='ltr'><strong>n1sroa.</strong></span> <span class='ocrx_word' id='word_1_4' title='bbox 919 293 1025 364; x_wconf 81' lang='lat' dir='ltr'><strong>nas.</strong></span> <span class='ocrx_word' id='word_1_5' title='bbox 1041 293 1179 368; x_wconf 79' lang='lat' dir='ltr'><strong>mana</strong></span> <span class='ocrx_word' id='word_1_6' title='bbox 1196 298 1240 368; x_wconf 87' lang='lat' dir='ltr'><strong>x.</strong></span> 
     </span>
    </p>
   </div>
   <div class='ocr_carea' id='block_1_2' title="bbox 290 493 1724 3299">
    <p class='ocr_par' dir='ltr' id='par_1_2' title="bbox 290 493 1724 3299">
     <span class='ocr_line' id='line_1_2' title="bbox 329 493 1611 610; baseline 0.008 -33"><span class='ocrx_word' id='word_1_7' title='bbox 329 493 656 602; x_wconf 64' lang='lat' dir='ltr'><strong>que&#39;sumptnrum.</strong></span> <span class='ocrx_word' id='word_1_8' title='bbox 708 501 985 601; x_wconf 82' lang='lat' dir='ltr'><strong>Expergesactus</strong></span> <span class='ocrx_word' id='word_1_9' title='bbox 1001 525 1064 574; x_wconf 80' lang='lat' dir='ltr'><strong>rex</strong></span> <span class='ocrx_word' id='word_1_10' title='bbox 1078 504 1238 580; x_wconf 81' lang='lat' dir='ltr'><strong>visionis·</strong></span> <span class='ocrx_word' id='word_1_11' title='bbox 1248 505 1413 584; x_wconf 70' lang='lat' dir='ltr'><strong>ordinm</strong></span> <span class='ocrx_word' id='word_1_12' title='bbox 1433 509 1488 584; x_wconf 89' lang='lat' dir='ltr'><strong>die</strong></span> <span class='ocrx_word' id='word_1_13' title='bbox 1502 529 1611 610; x_wconf 84' lang='lat' dir='ltr'><strong>poste-</strong></span> 
     </span>
     <span class='ocr_line' id='line_1_3' title="bbox 328 619 1613 728; baseline 0.006 -28"><span class='ocrx_word' id='word_1_14' title='bbox 328 651 369 700; x_wconf 86' lang='lat' dir='ltr'><strong>ra</strong></span> <span class='ocrx_word' id='word_1_15' title='bbox 399 651 636 728; x_wconf 89' lang='lat' dir='ltr'><strong>magnacum</strong></span> <span class='ocrx_word' id='word_1_16' title='bbox 660 626 822 697; x_wconf 90' lang='lat' dir='ltr'><strong>omnium</strong></span> <span class='ocrx_word' id='word_1_17' title='bbox 844 619 1075 696; x_wconf 77' lang='lat' dir='ltr'><strong>admiratione</strong></span> <span class='ocrx_word' id='word_1_18' title='bbox 1107 623 1277 725; x_wconf 85' lang='lat' dir='ltr'><strong>vulgavit.</strong></span> <span class='ocrx_word' id='word_1_19' title='bbox 1343 632 1414 706; x_wconf 86' lang='lat' dir='ltr'><strong>Se&#39;d</strong></span> <span class='ocrx_word' id='word_1_20' title='bbox 1440 649 1474 706; x_wconf 89' lang='lat' dir='ltr'><strong>et</strong></span> <span class='ocrx_word' id='word_1_21' title='bbox 1495 638 1613 706; x_wconf 91' lang='lat' dir='ltr'><strong>somnio</strong></span> 
     </span>
     <span class='ocr_line' id='line_1_4' title="bbox 327 747 1613 854; baseline 0.007 -34"><span class='ocrx_word' id='word_1_22' title='bbox 327 773 434 822; x_wconf 87' lang='lat' dir='ltr'><strong>omen</strong></span> <span class='ocrx_word' id='word_1_23' title='bbox 454 764 725 827; x_wconf 85' lang='lat' dir='ltr'><strong>consentaneum</strong></span> <span class='ocrx_word' id='word_1_24' title='bbox 747 747 823 820; x_wconf 85' lang='lat' dir='ltr'><strong>fuit.</strong></span> <span class='ocrx_word' id='word_1_25' title='bbox 873 750 1066 844; x_wconf 85' lang='lat' dir='ltr'><strong>Progressa</strong></span> <span class='ocrx_word' id='word_1_26' title='bbox 1085 771 1242 847; x_wconf 82' lang='lat' dir='ltr'><strong>namque</strong></span> <span class='ocrx_word' id='word_1_27' title='bbox 1273 761 1439 846; x_wconf 85' lang='lat' dir='ltr'><strong>exercitu,</strong></span> <span class='ocrx_word' id='word_1_28' title='bbox 1465 755 1613 854; x_wconf 78' lang='lat' dir='ltr'><strong>aquilam.</strong></span> 
     </span>
     <span class='ocr_line' id='line_1_5' title="bbox 328 867 1613 976; baseline 0.005 -32"><span class='ocrx_word' id='word_1_29' title='bbox 328 897 412 972; x_wconf 83' lang='lat' dir='ltr'><strong>quac</strong></span> <span class='ocrx_word' id='word_1_30' title='bbox 435 874 471 944; x_wconf 89' lang='lat' dir='ltr'><strong>in</strong></span> <span class='ocrx_word' id='word_1_31' title='bbox 496 871 613 970; x_wconf 88' lang='lat' dir='ltr'><strong>quiete</strong></span> <span class='ocrx_word' id='word_1_32' title='bbox 635 869 872 942; x_wconf 84' lang='lat' dir='ltr'><strong>demonstrata</strong></span> <span class='ocrx_word' id='word_1_33' title='bbox 899 867 1034 958; x_wconf 84' lang='lat' dir='ltr'><strong>iuerat,</strong></span> <span class='ocrx_word' id='word_1_34' title='bbox 1058 874 1259 948; x_wconf 86' lang='lat' dir='ltr'><strong>comminus</strong></span> <span class='ocrx_word' id='word_1_35' title='bbox 1275 877 1460 952; x_wconf 87' lang='lat' dir='ltr'><strong>considere</strong></span> <span class='ocrx_word' id='word_1_36' title='bbox 1476 901 1613 976; x_wconf 88' lang='lat' dir='ltr'><strong>conspe-</strong></span> 
     </span>
     <span class='ocr_line' id='line_1_6' title="bbox 328 988 1615 1095; baseline 0.003 -27"><span class='ocrx_word' id='word_1_37' title='bbox 328 1011 420 1068; x_wconf 85' lang='lat' dir='ltr'><strong>ctam</strong></span> <span class='ocrx_word' id='word_1_38' title='bbox 443 996 576 1092; x_wconf 80' lang='lat' dir='ltr'>pernici</span> <span class='ocrx_word' id='word_1_39' title='bbox 598 1018 695 1092; x_wconf 87' lang='lat' dir='ltr'><strong>equo</strong></span> <span class='ocrx_word' id='word_1_40' title='bbox 723 988 898 1064; x_wconf 80' lang='lat' dir='ltr'><strong>advolans</strong></span> <span class='ocrx_word' id='word_1_41' title='bbox 924 988 1025 1063; x_wconf 88' lang='lat' dir='ltr'><strong>hasta</strong></span> <span class='ocrx_word' id='word_1_42' title='bbox 1049 995 1182 1090; x_wconf 84' lang='lat' dir='ltr'><strong>petivit,</strong></span> <span class='ocrx_word' id='word_1_43' title='bbox 1205 995 1403 1095; x_wconf 79' lang='lat' dir='ltr'><strong>fugamque</strong></span> <span class='ocrx_word' id='word_1_44' title='bbox 1419 997 1507 1072; x_wconf 89' lang='lat' dir='ltr'><strong>alitis</strong></span> <span class='ocrx_word' id='word_1_45' title='bbox 1522 1000 1615 1072; x_wconf 89' lang='lat' dir='ltr'><strong>veloci</strong></span> 
     </span>
     <span class='ocr_line' id='line_1_7' title="bbox 328 1109 1724 1224; baseline 0.002 -34"><span class='ocrx_word' id='word_1_46' title='bbox 328 1117 446 1216; x_wconf 87' lang='lat' dir='ltr'><strong>jaculo</strong></span> <span class='ocrx_word' id='word_1_47' title='bbox 462 1109 708 1215; x_wconf 85' lang='lat' dir='ltr'><strong>praecucurrit.</strong></span> <span class='ocrx_word' id='word_1_48' title='bbox 759 1116 886 1212; x_wconf 90' lang='lat' dir='ltr'><strong>Itaque</strong></span> <span class='ocrx_word' id='word_1_49' title='bbox 901 1115 1056 1187; x_wconf 89' lang='lat' dir='ltr'><strong>novitate</strong></span> <span class='ocrx_word' id='word_1_50' title='bbox 1066 1119 1117 1186; x_wconf 84' lang='lat' dir='ltr'><strong>rei</strong></span> <span class='ocrx_word' id='word_1_51' title='bbox 1133 1115 1181 1188; x_wconf 88' lang='lat' dir='ltr'><strong>ad</strong></span> <span class='ocrx_word' id='word_1_52' title='bbox 1195 1131 1298 1215; x_wconf 75' lang='lat' dir='ltr'><strong>spem</strong></span> <span class='ocrx_word' id='word_1_53' title='bbox 1317 1121 1474 1194; x_wconf 85' lang='lat' dir='ltr'><strong>victoriae</strong></span> <span class='ocrx_word' id='word_1_54' title='bbox 1488 1139 1616 1220; x_wconf 89' lang='lat' dir='ltr'><strong>specta-</strong></span> <span class='ocrx_word' id='word_1_55' title='bbox 1723 1197 1724 1224; x_wconf 59' lang='lat'><strong>,</strong></span> 
     </span>
     <span class='ocr_line' id='line_1_8' title="bbox 328 1239 1616 1341; baseline 0.003 -31"><span class='ocrx_word' id='word_1_56' title='bbox 328 1255 421 1312; x_wconf 88' lang='lat' dir='ltr'><strong>tores</strong></span> <span class='ocrx_word' id='word_1_57' title='bbox 436 1241 555 1312; x_wconf 85' lang='lat' dir='ltr'><strong>erexit.</strong></span> <span class='ocrx_word' id='word_1_58' title='bbox 606 1239 875 1336; x_wconf 84' lang='lat' dir='ltr'><strong>Arripuitigitur</strong></span> <span class='ocrx_word' id='word_1_59' title='bbox 895 1259 1003 1307; x_wconf 88' lang='lat' dir='ltr'><strong>omen</strong></span> <span class='ocrx_word' id='word_1_60' title='bbox 1020 1239 1208 1328; x_wconf 85' lang='lat' dir='ltr'><strong>exercitus,</strong></span> <span class='ocrx_word' id='word_1_61' title='bbox 1222 1251 1330 1337; x_wconf 89' lang='lat' dir='ltr'><strong>atque</strong></span> <span class='ocrx_word' id='word_1_62' title='bbox 1345 1239 1491 1317; x_wconf 75' lang='lat' dir='ltr'><strong>scranto</strong></span> <span class='ocrx_word' id='word_1_63' title='bbox 1505 1241 1616 1341; x_wconf 88' lang='lat' dir='ltr'><strong>aquilae</strong></span> 
     </span>
     <span class='ocr_line' id='line_1_9' title="bbox 290 1349 1724 1458; baseline 0.001 -24"><span class='ocrx_word' id='word_1_64' title='bbox 290 1352 295 1358; x_wconf 69' lang='grc'><strong>’</strong></span> <span class='ocrx_word' id='word_1_65' title='bbox 329 1385 459 1436; x_wconf 88' lang='lat' dir='ltr'><strong>occasu</strong></span> <span class='ocrx_word' id='word_1_66' title='bbox 487 1363 717 1434; x_wconf 77' lang='lat' dir='ltr'><strong>certissimam</strong></span> <span class='ocrx_word' id='word_1_67' title='bbox 741 1357 898 1454; x_wconf 86' lang='lat' dir='ltr'><strong>bostium</strong></span> <span class='ocrx_word' id='word_1_68' title='bbox 927 1360 1067 1431; x_wconf 89' lang='lat' dir='ltr'><strong>ruinam</strong></span> <span class='ocrx_word' id='word_1_69' title='bbox 1098 1361 1346 1458; x_wconf 87' lang='lat' dir='ltr'><strong>interpretatus</strong></span> <span class='ocrx_word' id='word_1_70' title='bbox 1380 1381 1444 1437; x_wconf 89' lang='lat' dir='ltr'><strong>est.</strong></span> <span class='ocrx_word' id='word_1_71' title='bbox 1511 1369 1616 1438; x_wconf 84' lang='lat' dir='ltr'><strong>Cuncti</strong></span> <span class='ocrx_word' id='word_1_72' title='bbox 1723 1349 1724 1370; x_wconf 50' lang='lat'>¹</span> 
     </span>
     <span class='ocr_line' id='line_1_10' title="bbox 328 1483 1619 1588; baseline 0.004 -32"><span class='ocrx_word' id='word_1_73' title='bbox 328 1487 477 1583; x_wconf 86' lang='lat' dir='ltr'><strong>quippe,</strong></span> <span class='ocrx_word' id='word_1_74' title='bbox 497 1500 663 1557; x_wconf 83' lang='lat' dir='ltr'><strong>eventum</strong></span> <span class='ocrx_word' id='word_1_75' title='bbox 680 1484 819 1556; x_wconf 89' lang='lat' dir='ltr'><strong>somnio</strong></span> <span class='ocrx_word' id='word_1_76' title='bbox 835 1485 1042 1579; x_wconf 75' lang='lat' dir='ltr'><strong>congruisse</strong></span> <span class='ocrx_word' id='word_1_77' title='bbox 1063 1499 1265 1572; x_wconf 86' lang='lat' dir='ltr'><strong>cernentes,</strong></span> <span class='ocrx_word' id='word_1_78' title='bbox 1281 1483 1430 1581; x_wconf 87' lang='lat' dir='ltr'><strong>perinde</strong></span> <span class='ocrx_word' id='word_1_79' title='bbox 1451 1505 1556 1588; x_wconf 88' lang='lat' dir='ltr'><strong>atque</strong></span> <span class='ocrx_word' id='word_1_80' title='bbox 1568 1513 1619 1561; x_wconf 85' lang='lat' dir='ltr'><strong>se-</strong></span> 
     </span>
     <span class='ocr_line' id='line_1_11' title="bbox 328 1606 1621 1706; baseline 0.002 -26"><span class='ocrx_word' id='word_1_81' title='bbox 328 1607 407 1682; x_wconf 92' lang='lat' dir='ltr'><strong>curi</strong></span> <span class='ocrx_word' id='word_1_82' title='bbox 429 1631 549 1680; x_wconf 88' lang='lat' dir='ltr'><strong>rerum</strong></span> <span class='ocrx_word' id='word_1_83' title='bbox 579 1608 615 1680; x_wconf 95' lang='lat' dir='ltr'><strong>in</strong></span> <span class='ocrx_word' id='word_1_84' title='bbox 638 1606 819 1679; x_wconf 88' lang='lat' dir='ltr'><strong>fortunam</strong></span> <span class='ocrx_word' id='word_1_85' title='bbox 840 1626 943 1676; x_wconf 88' lang='lat' dir='ltr'><strong>suam</strong></span> <span class='ocrx_word' id='word_1_86' title='bbox 971 1620 1129 1701; x_wconf 83' lang='lat' dir='ltr'><strong>acceptae</strong></span> <span class='ocrx_word' id='word_1_87' title='bbox 1154 1610 1204 1678; x_wconf 86' lang='lat' dir='ltr'><strong>rei</strong></span> <span class='ocrx_word' id='word_1_88' title='bbox 1242 1614 1459 1706; x_wconf 82' lang='lat' dir='ltr'><strong>praesagium</strong></span> <span class='ocrx_word' id='word_1_89' title='bbox 1481 1609 1621 1682; x_wconf 83' lang='lat' dir='ltr'><strong>referum</strong></span> 
     </span>
     <span class='ocr_line' id='line_1_12' title="bbox 328 1723 1619 1828; baseline 0.002 -26"><span class='ocrx_word' id='word_1_90' title='bbox 328 1745 364 1803; x_wconf 87' lang='lat' dir='ltr'><strong>et</strong></span> <span class='ocrx_word' id='word_1_91' title='bbox 389 1729 494 1828; x_wconf 87' lang='lat' dir='ltr'><strong>quasi</strong></span> <span class='ocrx_word' id='word_1_92' title='bbox 523 1727 757 1802; x_wconf 86' lang='lat' dir='ltr'><strong>indubitatam</strong></span> <span class='ocrx_word' id='word_1_93' title='bbox 783 1723 941 1801; x_wconf 87' lang='lat' dir='ltr'><strong>vincendi</strong></span> <span class='ocrx_word' id='word_1_94' title='bbox 969 1741 1099 1800; x_wconf 87' lang='lat' dir='ltr'><strong>sortem</strong></span> <span class='ocrx_word' id='word_1_95' title='bbox 1137 1733 1214 1824; x_wconf 89' lang='lat' dir='ltr'><strong>pari</strong></span> <span class='ocrx_word' id='word_1_96' title='bbox 1248 1740 1419 1804; x_wconf 86' lang='lat' dir='ltr'><strong>mentium</strong></span> <span class='ocrx_word' id='word_1_97' title='bbox 1459 1731 1619 1806; x_wconf 86' lang='lat' dir='ltr'><strong>alacritate</strong></span> 
     </span>
     <span class='ocr_line' id='line_1_13' title="bbox 328 1847 1621 1952; baseline 0.001 -27"><span class='ocrx_word' id='word_1_98' title='bbox 328 1851 561 1952; x_wconf 75' lang='lat' dir='ltr'><strong>praesumunt.</strong></span> <span class='ocrx_word' id='word_1_99' title='bbox 614 1855 712 1944; x_wconf 91' lang='lat' dir='ltr'><strong>Quos</strong></span> <span class='ocrx_word' id='word_1_100' title='bbox 736 1875 779 1923; x_wconf 92' lang='lat' dir='ltr'><strong>eo</strong></span> <span class='ocrx_word' id='word_1_101' title='bbox 809 1847 968 1923; x_wconf 83' lang='lat' dir='ltr'><strong>audaciae</strong></span> <span class='ocrx_word' id='word_1_102' title='bbox 985 1849 1063 1946; x_wconf 89' lang='lat' dir='ltr'><strong>ipsa</strong></span> <span class='ocrx_word' id='word_1_103' title='bbox 1079 1851 1229 1947; x_wconf 89' lang='lat' dir='ltr'><strong>auspicii</strong></span> <span class='ocrx_word' id='word_1_104' title='bbox 1253 1850 1378 1951; x_wconf 89' lang='lat' dir='ltr'><strong>religio</strong></span> <span class='ocrx_word' id='word_1_105' title='bbox 1400 1851 1621 1951; x_wconf 81' lang='lat' dir='ltr'><strong>provehebat,</strong></span> 
     </span>
     <span class='ocr_line' id='line_1_14' title="bbox 330 1971 1621 2074; baseline 0 -24"><span class='ocrx_word' id='word_1_106' title='bbox 330 1993 371 2050; x_wconf 90' lang='lat' dir='ltr'><strong>ut</strong></span> <span class='ocrx_word' id='word_1_107' title='bbox 391 1977 467 2074; x_wconf 87' lang='lat' dir='ltr'><strong>jam</strong></span> <span class='ocrx_word' id='word_1_108' title='bbox 481 1974 552 2048; x_wconf 91' lang='lat' dir='ltr'><strong>sibi</strong></span> <span class='ocrx_word' id='word_1_109' title='bbox 567 1975 750 2047; x_wconf 86' lang='lat' dir='ltr'><strong>victoriam</strong></span> <span class='ocrx_word' id='word_1_110' title='bbox 776 1989 858 2046; x_wconf 91' lang='lat' dir='ltr'><strong>ante</strong></span> <span class='ocrx_word' id='word_1_111' title='bbox 872 1971 999 2045; x_wconf 88' lang='lat' dir='ltr'><strong>oculos</strong></span> <span class='ocrx_word' id='word_1_112' title='bbox 1024 1987 1274 2069; x_wconf 71' lang='lat' dir='ltr'><strong>preponentes</strong></span> <span class='ocrx_word' id='word_1_113' title='bbox 1306 1972 1449 2074; x_wconf 82' lang='lat' dir='ltr'><strong>absque</strong></span> <span class='ocrx_word' id='word_1_114' title='bbox 1471 1991 1621 2074; x_wconf 87' lang='lat' dir='ltr'><strong>respectu</strong></span> 
     </span>
     <span class='ocr_line' id='line_1_15' title="bbox 329 2092 1622 2198; baseline 0.002 -28"><span class='ocrx_word' id='word_1_115' title='bbox 329 2095 574 2196; x_wconf 87' lang='lat' dir='ltr'><strong>periculorum</strong></span> <span class='ocrx_word' id='word_1_116' title='bbox 598 2098 758 2170; x_wconf 86' lang='lat' dir='ltr'><strong>certatim</strong></span> <span class='ocrx_word' id='word_1_117' title='bbox 780 2097 818 2168; x_wconf 94' lang='lat' dir='ltr'><strong>in</strong></span> <span class='ocrx_word' id='word_1_118' title='bbox 844 2092 1010 2194; x_wconf 75' lang='lat' dir='ltr'><strong>praelium</strong></span> <span class='ocrx_word' id='word_1_119' title='bbox 1038 2092 1251 2192; x_wconf 86' lang='lat' dir='ltr'><strong>prosilirent.</strong></span> <span class='ocrx_word' id='word_1_120' title='bbox 1323 2097 1465 2189; x_wconf 84' lang='lat' dir='ltr'><strong>Quibus</strong></span> <span class='ocrx_word' id='word_1_121' title='bbox 1485 2103 1622 2198; x_wconf 87' lang='lat' dir='ltr'><strong>primam</strong></span> 
     </span>
     <span class='ocr_line' id='line_1_16' title="bbox 327 2214 1623 2320; baseline 0.002 -28"><span class='ocrx_word' id='word_1_122' title='bbox 327 2217 514 2320; x_wconf 76' lang='lat' dir='ltr'><strong>pugnandi</strong></span> <span class='ocrx_word' id='word_1_123' title='bbox 523 2223 749 2292; x_wconf 90' lang='lat' dir='ltr'><strong>occasionem</strong></span> <span class='ocrx_word' id='word_1_124' title='bbox 761 2215 1033 2315; x_wconf 87' lang='lat' dir='ltr'><strong>corripientibus</strong></span> <span class='ocrx_word' id='word_1_125' title='bbox 1044 2214 1246 2315; x_wconf 88' lang='lat' dir='ltr'><strong>eodemque</strong></span> <span class='ocrx_word' id='word_1_126' title='bbox 1260 2235 1402 2310; x_wconf 79' lang='lat' dir='ltr'><strong>eventu,</strong></span> <span class='ocrx_word' id='word_1_127' title='bbox 1415 2246 1494 2320; x_wconf 91' lang='lat' dir='ltr'><strong>quo</strong></span> <span class='ocrx_word' id='word_1_128' title='bbox 1509 2226 1623 2312; x_wconf 86' lang='lat' dir='ltr'><strong>omine,</strong></span> 
     </span>
     <span class='ocr_line' id='line_1_17' title="bbox 329 2336 1621 2442; baseline -0.002 -26"><span class='ocrx_word' id='word_1_129' title='bbox 329 2340 600 2431; x_wconf 74' lang='lat' dir='ltr'><strong>dinnmntibus,</strong></span> <span class='ocrx_word' id='word_1_130' title='bbox 635 2338 822 2414; x_wconf 76' lang='lat' dir='ltr'><strong>ceduntur</strong></span> <span class='ocrx_word' id='word_1_131' title='bbox 845 2336 1006 2414; x_wconf 87' lang='lat' dir='ltr'><strong>funditus</strong></span> <span class='ocrx_word' id='word_1_132' title='bbox 1029 2337 1177 2414; x_wconf 77' lang='lat' dir='ltr'><strong>Sclavi1.</strong></span> <span class='ocrx_word' id='word_1_133' title='bbox 1233 2343 1354 2416; x_wconf 84' lang='lat' dir='ltr'><strong>Victor</strong></span> <span class='ocrx_word' id='word_1_134' title='bbox 1373 2343 1621 2442; x_wconf 88' lang='lat' dir='ltr'><strong>Magnnsfelici</strong></span> 
     </span>
     <span class='ocr_line' id='line_1_18' title="bbox 328 2460 1621 2566; baseline 0 -28"><span class='ocrx_word' id='word_1_135' title='bbox 328 2491 452 2566; x_wconf 83' lang='lat' dir='ltr'><strong>pugna</strong></span> <span class='ocrx_word' id='word_1_136' title='bbox 467 2460 706 2564; x_wconf 87' lang='lat' dir='ltr'><strong>popularibus</strong></span> <span class='ocrx_word' id='word_1_137' title='bbox 731 2487 901 2561; x_wconf 85' lang='lat' dir='ltr'><strong>percarus</strong></span> <span class='ocrx_word' id='word_1_138' title='bbox 918 2465 1048 2552; x_wconf 86' lang='lat' dir='ltr'><strong>evasit,</strong></span> <span class='ocrx_word' id='word_1_139' title='bbox 1072 2487 1273 2562; x_wconf 86' lang='lat' dir='ltr'><strong>eorumque</strong></span> <span class='ocrx_word' id='word_1_140' title='bbox 1287 2468 1524 2564; x_wconf 83' lang='lat' dir='ltr'><strong>propensiore</strong></span> <span class='ocrx_word' id='word_1_141' title='bbox 1539 2465 1621 2542; x_wconf 89' lang='lat' dir='ltr'><strong>sub-</strong></span> 
     </span>
     <span class='ocr_line' id='line_1_19' title="bbox 329 2584 1622 2688; baseline -0.001 -23"><span class='ocrx_word' id='word_1_142' title='bbox 329 2587 421 2665; x_wconf 86' lang='lat' dir='ltr'><strong>sidio</strong></span> <span class='ocrx_word' id='word_1_143' title='bbox 438 2586 639 2678; x_wconf 88' lang='lat' dir='ltr'><strong>roboratos,</strong></span> <span class='ocrx_word' id='word_1_144' title='bbox 662 2584 711 2658; x_wconf 89' lang='lat' dir='ltr'><strong>ad</strong></span> <span class='ocrx_word' id='word_1_145' title='bbox 725 2584 1019 2685; x_wconf 88' lang='lat' dir='ltr'><strong>prosequendum</strong></span> <span class='ocrx_word' id='word_1_146' title='bbox 1034 2586 1136 2685; x_wconf 85' lang='lat' dir='ltr'><strong>regni</strong></span> <span class='ocrx_word' id='word_1_147' title='bbox 1150 2584 1321 2659; x_wconf 73' lang='lat' dir='ltr'><strong>amulum</strong></span> <span class='ocrx_word' id='word_1_148' title='bbox 1344 2587 1459 2682; x_wconf 90' lang='lat' dir='ltr'><strong>redit,</strong></span> <span class='ocrx_word' id='word_1_149' title='bbox 1485 2614 1529 2664; x_wconf 89' lang='lat' dir='ltr'><strong>eo</strong></span> <span class='ocrx_word' id='word_1_150' title='bbox 1546 2589 1622 2688; x_wconf 90' lang='lat' dir='ltr'><strong>qui-</strong></span> 
     </span>
     <span class='ocr_line' id='line_1_20' title="bbox 329 2706 1623 2812; baseline 0.002 -28"><span class='ocrx_word' id='word_1_151' title='bbox 329 2709 412 2784; x_wconf 87' lang='lat' dir='ltr'><strong>dem</strong></span> <span class='ocrx_word' id='word_1_152' title='bbox 427 2714 620 2801; x_wconf 84' lang='lat' dir='ltr'><strong>instantius,</strong></span> <span class='ocrx_word' id='word_1_153' title='bbox 636 2708 738 2807; x_wconf 90' lang='lat' dir='ltr'><strong>quod</strong></span> <span class='ocrx_word' id='word_1_154' title='bbox 755 2733 874 2782; x_wconf 89' lang='lat' dir='ltr'><strong>rerum</strong></span> <span class='ocrx_word' id='word_1_155' title='bbox 890 2727 1090 2794; x_wconf 84' lang='lat' dir='ltr'><strong>successus,</strong></span> <span class='ocrx_word' id='word_1_156' title='bbox 1107 2733 1181 2806; x_wconf 93' lang='lat' dir='ltr'><strong>quo</strong></span> <span class='ocrx_word' id='word_1_157' title='bbox 1195 2706 1279 2807; x_wconf 93' lang='lat' dir='ltr'><strong>plus</strong></span> <span class='ocrx_word' id='word_1_158' title='bbox 1292 2709 1363 2782; x_wconf 92' lang='lat' dir='ltr'><strong>sibi</strong></span> <span class='ocrx_word' id='word_1_159' title='bbox 1380 2715 1505 2811; x_wconf 83' lang='lat' dir='ltr'><strong>gratiae</strong></span> <span class='ocrx_word' id='word_1_160' title='bbox 1517 2737 1623 2812; x_wconf 91' lang='lat' dir='ltr'><strong>pepc-</strong></span> 
     </span>
     <span class='ocr_line' id='line_1_21' title="bbox 328 2830 1622 2934; baseline -0.003 -24"><span class='ocrx_word' id='word_1_161' title='bbox 328 2841 396 2925; x_wconf 84' lang='lat' dir='ltr'><strong>rit,</strong></span> <span class='ocrx_word' id='word_1_162' title='bbox 408 2832 478 2908; x_wconf 91' lang='lat' dir='ltr'><strong>boc</strong></span> <span class='ocrx_word' id='word_1_163' title='bbox 490 2835 603 2932; x_wconf 85' lang='lat' dir='ltr'><strong>magis</strong></span> <span class='ocrx_word' id='word_1_164' title='bbox 617 2834 786 2908; x_wconf 87' lang='lat' dir='ltr'><strong>Svenonis</strong></span> <span class='ocrx_word' id='word_1_165' title='bbox 800 2830 961 2906; x_wconf 86' lang='lat' dir='ltr'><strong>savorem</strong></span> <span class='ocrx_word' id='word_1_166' title='bbox 976 2830 1195 2927; x_wconf 85' lang='lat' dir='ltr'><strong>absumpsit,</strong></span> <span class='ocrx_word' id='word_1_167' title='bbox 1222 2853 1426 2932; x_wconf 82' lang='lat' dir='ltr'><strong>aversoque</strong></span> <span class='ocrx_word' id='word_1_168' title='bbox 1441 2833 1539 2934; x_wconf 84' lang='lat' dir='ltr'><strong>vulgi</strong></span> <span class='ocrx_word' id='word_1_169' title='bbox 1552 2839 1622 2906; x_wconf 90' lang='lat' dir='ltr'><strong>ani-</strong></span> 
     </span>
     <span class='ocr_line' id='line_1_22' title="bbox 328 2952 1623 3058; baseline -0.001 -26"><span class='ocrx_word' id='word_1_170' title='bbox 328 2983 400 3049; x_wconf 92' lang='lat' dir='ltr'><strong>mo,</strong></span> <span class='ocrx_word' id='word_1_171' title='bbox 414 2979 630 3058; x_wconf 82' lang='lat' dir='ltr'><strong>magnopere</strong></span> <span class='ocrx_word' id='word_1_172' title='bbox 644 2953 823 3028; x_wconf 89' lang='lat' dir='ltr'><strong>residuum</strong></span> <span class='ocrx_word' id='word_1_173' title='bbox 837 2956 915 3052; x_wconf 88' lang='lat' dir='ltr'><strong>ejus</strong></span> <span class='ocrx_word' id='word_1_174' title='bbox 930 2952 1124 3026; x_wconf 85' lang='lat' dir='ltr'><strong>debilitavit</strong></span> <span class='ocrx_word' id='word_1_175' title='bbox 1135 2952 1315 3046; x_wconf 84' lang='lat' dir='ltr'><strong>auxilium,</strong></span> <span class='ocrx_word' id='word_1_176' title='bbox 1330 2980 1397 3029; x_wconf 90' lang='lat' dir='ltr'><strong>nec</strong></span> <span class='ocrx_word' id='word_1_177' title='bbox 1410 2956 1530 3031; x_wconf 90' lang='lat' dir='ltr'><strong>solum</strong></span> <span class='ocrx_word' id='word_1_178' title='bbox 1543 2980 1623 3030; x_wconf 89' lang='lat' dir='ltr'><strong>con·</strong></span> 
     </span>
     <span class='ocr_line' id='line_1_23' title="bbox 329 3074 1621 3178; baseline -0.002 -23"><span class='ocrx_word' id='word_1_179' title='bbox 329 3079 583 3155; x_wconf 85' lang='lat' dir='ltr'><strong>trahendarum</strong></span> <span class='ocrx_word' id='word_1_180' title='bbox 599 3080 727 3152; x_wconf 84' lang='lat' dir='ltr'><strong>virium</strong></span> <span class='ocrx_word' id='word_1_181' title='bbox 744 3101 847 3178; x_wconf 89' lang='lat' dir='ltr'><strong>spem</strong></span> <span class='ocrx_word' id='word_1_182' title='bbox 863 3076 1015 3168; x_wconf 89' lang='lat' dir='ltr'><strong>sustulit,</strong></span> <span class='ocrx_word' id='word_1_183' title='bbox 1033 3074 1098 3149; x_wconf 90' lang='lat' dir='ltr'><strong>sed</strong></span> <span class='ocrx_word' id='word_1_184' title='bbox 1122 3077 1225 3150; x_wconf 88' lang='lat' dir='ltr'><strong>etiam</strong></span> <span class='ocrx_word' id='word_1_185' title='bbox 1247 3094 1449 3154; x_wconf 88' lang='lat' dir='ltr'><strong>contractas</strong></span> <span class='ocrx_word' id='word_1_186' title='bbox 1473 3084 1621 3153; x_wconf 83' lang='lat' dir='ltr'><strong>excussit</strong></span> 
     </span>
     <span class='ocr_line' id='line_1_24' title="bbox 330 3197 1623 3299; baseline -0.002 -23"><span class='ocrx_word' id='word_1_187' title='bbox 330 3206 425 3295; x_wconf 90' lang='lat' dir='ltr'><strong>Quin</strong></span> <span class='ocrx_word' id='word_1_188' title='bbox 444 3207 549 3276; x_wconf 88' lang='lat' dir='ltr'><strong>etiam</strong></span> <span class='ocrx_word' id='word_1_189' title='bbox 557 3198 792 3274; x_wconf 90' lang='lat' dir='ltr'><strong>Gutbscalcus</strong></span> <span class='ocrx_word' id='word_1_190' title='bbox 807 3197 1008 3274; x_wconf 84' lang='lat' dir='ltr'><strong>Sclavicns²</strong></span> <span class='ocrx_word' id='word_1_191' title='bbox 1026 3203 1116 3273; x_wconf 88' lang='lat' dir='ltr'><strong>inter</strong></span> <span class='ocrx_word' id='word_1_192' title='bbox 1132 3216 1290 3290; x_wconf 73' lang='lat' dir='ltr'><strong>caeteros,</strong></span> <span class='ocrx_word' id='word_1_193' title='bbox 1306 3203 1371 3299; x_wconf 91' lang='lat' dir='ltr'><strong>qui</strong></span> <span class='ocrx_word' id='word_1_194' title='bbox 1388 3199 1539 3276; x_wconf 83' lang='lat' dir='ltr'><strong>infelicis</strong></span> <span class='ocrx_word' id='word_1_195' title='bbox 1555 3201 1623 3298; x_wconf 87' lang='lat' dir='ltr'><strong>ejus</strong></span> 
     </span>
    </p>
   </div>
   <div class='ocr_carea' id='block_1_3' title="bbox 331 3495 1623 3800">
    <p class='ocr_par' dir='ltr' id='par_1_3' title="bbox 331 3495 1623 3800">
     <span class='ocr_line' id='line_1_25' title="bbox 378 3495 1623 3590; baseline -0.004 -20"><span class='ocrx_word' id='word_1_196' title='bbox 378 3505 558 3570; x_wconf 74' lang='lat' dir='ltr'><strong>&#39;ceduntur</strong></span> <span class='ocrx_word' id='word_1_197' title='bbox 567 3502 711 3586; x_wconf 81' lang='lat' dir='ltr'><strong>funditus</strong></span> <span class='ocrx_word' id='word_1_198' title='bbox 734 3495 846 3579; x_wconf 81' lang='lat' dir='ltr'><strong>Seiani]</strong></span> <span class='ocrx_word' id='word_1_199' title='bbox 872 3495 953 3563; x_wconf 72' lang='lat' dir='ltr'><strong>Atla-</strong></span> <span class='ocrx_word' id='word_1_200' title='bbox 1007 3497 1073 3579; x_wconf 67' lang='lat'><strong>32).</strong></span> <span class='ocrx_word' id='word_1_201' title='bbox 1103 3499 1186 3565; x_wconf 77' lang='lat' dir='ltr'><strong>idem</strong></span> <span class='ocrx_word' id='word_1_202' title='bbox 1200 3502 1256 3566; x_wconf 81' lang='lat' dir='ltr'><strong>alia</strong></span> <span class='ocrx_word' id='word_1_203' title='bbox 1272 3499 1369 3590; x_wconf 65' lang='lat' dir='ltr'><strong>effert</strong></span> <span class='ocrx_word' id='word_1_204' title='bbox 1381 3501 1525 3589; x_wconf 79' lang='lat' dir='ltr'><strong>prodigia</strong></span> <span class='ocrx_word' id='word_1_205' title='bbox 1540 3501 1623 3568; x_wconf 72' lang='lat' dir='ltr'><strong>victo·</strong></span> 
     </span>
     <span class='ocr_line' id='line_1_26' title="bbox 331 3604 1405 3695; baseline -0.004 -18"><span class='ocrx_word' id='word_1_206' title='bbox 331 3633 397 3677; x_wconf 81' lang='lat' dir='ltr'><strong>rnna</strong></span> <span class='ocrx_word' id='word_1_207' title='bbox 411 3607 689 3674; x_wconf 84' lang='lat' dir='ltr'><strong>Brcmcnsisl.c.ita</strong></span> <span class='ocrx_word' id='word_1_208' title='bbox 699 3605 815 3692; x_wconf 84' lang='lat' dir='ltr'><strong>pergit:</strong></span> <span class='ocrx_word' id='word_1_209' title='bbox 837 3607 955 3690; x_wconf 82' lang='lat' dir='ltr'><strong>Etscr·</strong></span> <span class='ocrx_word' id='word_1_210' title='bbox 1008 3607 1063 3670; x_wconf 83' lang='lat' dir='ltr'><strong>riae</strong></span> <span class='ocrx_word' id='word_1_211' title='bbox 1079 3608 1179 3672; x_wconf 87' lang='lat' dir='ltr'><strong>omina</strong></span> <span class='ocrx_word' id='word_1_212' title='bbox 1194 3604 1278 3690; x_wconf 77' lang='lat' dir='ltr'><strong>(ibid</strong></span> <span class='ocrx_word' id='word_1_213' title='bbox 1295 3633 1327 3695; x_wconf 88' lang='lat' dir='ltr'><strong>p.</strong></span> <span class='ocrx_word' id='word_1_214' title='bbox 1340 3607 1405 3692; x_wconf 66' lang='lat'><strong>33).</strong></span> 
     </span>
     <span class='ocr_line' id='line_1_27' title="bbox 332 3712 1623 3800; baseline -0.004 -18"><span class='ocrx_word' id='word_1_215' title='bbox 332 3739 410 3782; x_wconf 85' lang='lat' dir='ltr'><strong>tasse</strong></span> <span class='ocrx_word' id='word_1_216' title='bbox 422 3721 555 3800; x_wconf 79' lang='lat' dir='ltr'><strong>Magnos</strong></span> <span class='ocrx_word' id='word_1_217' title='bbox 569 3738 619 3776; x_wconf 75' lang='lat' dir='ltr'><strong>ree</strong></span> <span class='ocrx_word' id='word_1_218' title='bbox 633 3731 701 3776; x_wconf 79' lang='lat' dir='ltr'><strong>tunc</strong></span> <span class='ocrx_word' id='word_1_219' title='bbox 714 3738 733 3776; x_wconf 82' lang='lat' dir='ltr'><strong>a</strong></span> <span class='ocrx_word' id='word_1_220' title='bbox 746 3713 951 3779; x_wconf 83' lang='lat' dir='ltr'><strong>Nordmcnm&#39;a</strong></span> <span class='ocrx_word' id='word_1_221' title='bbox 1053 3717 1271 3780; x_wconf 74' lang='lat' dir='ltr'><strong>²Gutbscalcus</strong></span> <span class='ocrx_word' id='word_1_222' title='bbox 1285 3712 1450 3797; x_wconf 75' lang='lat' dir='ltr'><strong>Sclaotcus]</strong></span> <span class='ocrx_word' id='word_1_223' title='bbox 1465 3719 1515 3780; x_wconf 79' lang='lat' dir='ltr'><strong>Dc</strong></span> <span class='ocrx_word' id='word_1_224' title='bbox 1528 3713 1623 3779; x_wconf 76' lang='lat' dir='ltr'><strong>ecdem</strong></span> 
     </span>
    </p>
   </div>
   <div class='ocr_carea' id='block_1_4' title="bbox 327 3819 1625 4864">
    <p class='ocr_par' dir='ltr' id='par_1_4' title="bbox 327 3819 1625 4864">
     <span class='ocr_line' id='line_1_28' title="bbox 332 3819 1625 3907; baseline 0.001 -20"><span class='ocrx_word' id='word_1_225' title='bbox 332 3828 444 3889; x_wconf 81' lang='lat' dir='ltr'><strong>redr&#39;ens</strong></span> <span class='ocrx_word' id='word_1_226' title='bbox 457 3823 611 3886; x_wconf 81' lang='lat' dir='ltr'><strong>Hcida’bam</strong></span> <span class='ocrx_word' id='word_1_227' title='bbox 624 3822 748 3907; x_wconf 80' lang='lat' dir='ltr'><strong>appulit.</strong></span> <span class='ocrx_word' id='word_1_228' title='bbox 791 3821 855 3904; x_wconf 80' lang='lat' dir='ltr'><strong>Qui</strong></span> <span class='ocrx_word' id='word_1_229' title='bbox 874 3843 954 3892; x_wconf 77' lang='lat' dir='ltr'><strong>mox,</strong></span> <span class='ocrx_word' id='word_1_230' title='bbox 1008 3819 1255 3885; x_wconf 77' lang='lat' dir='ltr'><strong>scribitAdsmus</strong></span> <span class='ocrx_word' id='word_1_231' title='bbox 1268 3821 1442 3887; x_wconf 69' lang='lat' dir='ltr'><strong>nemausis</strong></span> <span class='ocrx_word' id='word_1_232' title='bbox 1459 3823 1625 3906; x_wconf 80' lang='lat' dir='ltr'><strong>(l.c.),enm</strong></span> 
     </span>
     <span class='ocr_line' id='line_1_29' title="bbox 331 3925 1624 4016; baseline 0 -22"><span class='ocrx_word' id='word_1_233' title='bbox 331 3931 578 4016; x_wconf 75' lang='lat' dir='ltr'><strong>Dacorumcopiis</strong></span> <span class='ocrx_word' id='word_1_234' title='bbox 587 3925 858 4010; x_wconf 74' lang='lat' dir='ltr'><strong>undiqueccllectis,</strong></span> <span class='ocrx_word' id='word_1_235' title='bbox 870 3947 952 4008; x_wconf 78' lang='lat' dir='ltr'><strong>egre·</strong></span> <span class='ocrx_word' id='word_1_236' title='bbox 1009 3939 1080 4012; x_wconf 87' lang='lat' dir='ltr'><strong>post</strong></span> <span class='ocrx_word' id='word_1_237' title='bbox 1101 3940 1232 3990; x_wconf 80' lang='lat' dir='ltr'><strong>mortem</strong></span> <span class='ocrx_word' id='word_1_238' title='bbox 1249 3927 1329 4012; x_wconf 82' lang='lat' dir='ltr'><strong>regis</strong></span> <span class='ocrx_word' id='word_1_239' title='bbox 1344 3928 1427 3992; x_wconf 79' lang='lat' dir='ltr'><strong>ttnut</strong></span> <span class='ocrx_word' id='word_1_240' title='bbox 1453 3943 1486 3994; x_wconf 83' lang='lat' dir='ltr'><strong>et</strong></span> <span class='ocrx_word' id='word_1_241' title='bbox 1503 3932 1624 3996; x_wconf 81' lang='lat' dir='ltr'><strong>filioram</strong></span> 
     </span>
     <span class='ocr_line' id='line_1_30' title="bbox 333 4031 1624 4119; baseline 0 -19"><span class='ocrx_word' id='word_1_242' title='bbox 333 4039 442 4100; x_wconf 81' lang='lat' dir='ltr'><strong>dientes</strong></span> <span class='ocrx_word' id='word_1_243' title='bbox 472 4061 491 4097; x_wconf 85' lang='lat' dir='ltr'><strong>a</strong></span> <span class='ocrx_word' id='word_1_244' title='bbox 514 4037 614 4096; x_wconf 76' lang='lat' dir='ltr'><strong>Dacia</strong></span> <span class='ocrx_word' id='word_1_245' title='bbox 630 4054 765 4119; x_wconf 80' lang='lat' dir='ltr'><strong>paganos</strong></span> <span class='ocrx_word' id='word_1_246' title='bbox 792 4035 822 4092; x_wconf 85' lang='lat' dir='ltr'><strong>in</strong></span> <span class='ocrx_word' id='word_1_247' title='bbox 839 4054 951 4116; x_wconf 79' lang='lat' dir='ltr'><strong>campe·</strong></span> <span class='ocrx_word' id='word_1_248' title='bbox 1007 4031 1180 4097; x_wconf 77' lang='lat' dir='ltr'><strong>rediisses:</strong></span> <span class='ocrx_word' id='word_1_249' title='bbox 1197 4032 1318 4118; x_wconf 67' lang='lat' dir='ltr'><strong>singlis,</strong></span> <span class='ocrx_word' id='word_1_250' title='bbox 1338 4047 1369 4098; x_wconf 80' lang='lat' dir='ltr'><strong>et</strong></span> <span class='ocrx_word' id='word_1_251' title='bbox 1389 4037 1565 4100; x_wconf 80' lang='lat' dir='ltr'><strong>Sleroniam</strong></span> <span class='ocrx_word' id='word_1_252' title='bbox 1579 4057 1624 4118; x_wconf 79' lang='lat' dir='ltr'><strong>sg-</strong></span> 
     </span>
     <span class='ocr_line' id='line_1_31' title="bbox 331 4137 1624 4226; baseline -0.005 -18"><span class='ocrx_word' id='word_1_253' title='bbox 331 4143 438 4208; x_wconf 84' lang='lat' dir='ltr'><strong>stribus</strong></span> <span class='ocrx_word' id='word_1_254' title='bbox 457 4141 588 4203; x_wconf 76' lang='lat' dir='ltr'><strong>Ha&#39;clibae</strong></span> <span class='ocrx_word' id='word_1_255' title='bbox 610 4143 741 4224; x_wconf 75' lang='lat' dir='ltr'><strong>excepit,</strong></span> <span class='ocrx_word' id='word_1_256' title='bbox 766 4153 808 4208; x_wconf 84' lang='lat' dir='ltr'><strong>ct,</strong></span> <span class='ocrx_word' id='word_1_257' title='bbox 835 4137 953 4220; x_wconf 81' lang='lat' dir='ltr'><strong>qut&#39;nde-</strong></span> <span class='ocrx_word' id='word_1_258' title='bbox 1010 4159 1146 4226; x_wconf 85' lang='lat' dir='ltr'><strong>gressum</strong></span> <span class='ocrx_word' id='word_1_259' title='bbox 1178 4139 1303 4226; x_wconf 85' lang='lat' dir='ltr'><strong>paganis</strong></span> <span class='ocrx_word' id='word_1_260' title='bbox 1333 4161 1479 4226; x_wconf 81' lang='lat' dir='ltr'><strong>magnum</strong></span> <span class='ocrx_word' id='word_1_261' title='bbox 1498 4143 1624 4207; x_wconf 75' lang='lat' dir='ltr'><strong>iniecisse</strong></span> 
     </span>
     <span class='ocr_line' id='line_1_32' title="bbox 331 4231 1625 4334; baseline -0.005 -19"><span class='ocrx_word' id='word_1_262' title='bbox 331 4257 386 4315; x_wconf 80' lang='lat' dir='ltr'><strong>cim</strong></span> <span class='ocrx_word' id='word_1_263' title='bbox 405 4231 528 4311; x_wconf 82' lang='lat' dir='ltr'><strong>millibus</strong></span> <span class='ocrx_word' id='word_1_264' title='bbox 550 4249 664 4316; x_wconf 64' lang='lat' dir='ltr'><strong>octabis,</strong></span> <span class='ocrx_word' id='word_1_265' title='bbox 674 4243 767 4330; x_wconf 78' lang='lat' dir='ltr'><strong>jacta</strong></span> <span class='ocrx_word' id='word_1_266' title='bbox 788 4260 833 4304; x_wconf 83' lang='lat' dir='ltr'><strong>est</strong></span> <span class='ocrx_word' id='word_1_267' title='bbox 852 4246 904 4305; x_wconf 74' lang='lat' dir='ltr'><strong>lae</strong></span> <span class='ocrx_word' id='word_1_268' title='bbox 922 4261 952 4306; x_wconf 86' lang='lat' dir='ltr'><strong>et</strong></span> <span class='ocrx_word' id='word_1_269' title='bbox 1011 4255 1168 4310; x_wconf 69' lang='lat' dir='ltr'><strong>terrolam.</strong></span> <span class='ocrx_word' id='word_1_270' title='bbox 1194 4329 1196 4334; x_wconf 69' lang='lat'><strong>,</strong></span> <span class='ocrx_word' id='word_1_271' title='bbox 1228 4251 1322 4308; x_wconf 80' lang='lat' dir='ltr'><strong>&#39;l&#39;scet</strong></span> <span class='ocrx_word' id='word_1_272' title='bbox 1349 4248 1475 4311; x_wconf 87' lang='lat' dir='ltr'><strong>omnino</strong></span> <span class='ocrx_word' id='word_1_273' title='bbox 1502 4246 1625 4312; x_wconf 78' lang='lat' dir='ltr'><strong>Adamas</strong></span> 
     </span>
     <span class='ocr_line' id='line_1_33' title="bbox 331 4349 1625 4440; baseline -0.004 -19"><span class='ocrx_word' id='word_1_274' title='bbox 331 4361 434 4421; x_wconf 84' lang='lat' dir='ltr'><strong>Ioetr&#39;tt&#39;a</strong></span> <span class='ocrx_word' id='word_1_275' title='bbox 448 4355 623 4418; x_wconf 76' lang='lat' dir='ltr'><strong>Christianis</strong></span> <span class='ocrx_word' id='word_1_276' title='bbox 637 4353 769 4437; x_wconf 71' lang='lat' dir='ltr'><strong>demceps</strong></span> <span class='ocrx_word' id='word_1_277' title='bbox 794 4355 873 4411; x_wconf 82' lang='lat' dir='ltr'><strong>omni</strong></span> <span class='ocrx_word' id='word_1_278' title='bbox 884 4367 953 4413; x_wconf 82' lang='lat' dir='ltr'><strong>tem·</strong></span> <span class='ocrx_word' id='word_1_279' title='bbox 1010 4351 1048 4415; x_wconf 85' lang='lat' dir='ltr'><strong>de</strong></span> <span class='ocrx_word' id='word_1_280' title='bbox 1064 4373 1111 4431; x_wconf 88' lang='lat' dir='ltr'><strong>eo,</strong></span> <span class='ocrx_word' id='word_1_281' title='bbox 1123 4350 1206 4438; x_wconf 86' lang='lat' dir='ltr'><strong>qnod</strong></span> <span class='ocrx_word' id='word_1_282' title='bbox 1213 4349 1420 4416; x_wconf 79' lang='lat' dir='ltr'><strong>Godestsllms</strong></span> <span class='ocrx_word' id='word_1_283' title='bbox 1436 4375 1570 4440; x_wconf 83' lang='lat' dir='ltr'><strong>unquam</strong></span> <span class='ocrx_word' id='word_1_284' title='bbox 1583 4374 1625 4416; x_wconf 86' lang='lat' dir='ltr'><strong>ca·</strong></span> 
     </span>
     <span class='ocr_line' id='line_1_34' title="bbox 327 4455 1624 4552; baseline -0.002 -27"><span class='ocrx_word' id='word_1_285' title='bbox 327 4487 402 4552; x_wconf 83' lang='lat' dir='ltr'><strong>pore</strong></span> <span class='ocrx_word' id='word_1_286' title='bbox 415 4462 532 4543; x_wconf 78' lang='lat' dir='ltr'><strong>Magni.</strong></span> <span class='ocrx_word' id='word_1_287' title='bbox 571 4455 722 4523; x_wconf 80' lang='lat' dir='ltr'><strong>Obserrat</strong></span> <span class='ocrx_word' id='word_1_288' title='bbox 737 4456 854 4519; x_wconf 86' lang='lat' dir='ltr'><strong>Sncrro</strong></span> <span class='ocrx_word' id='word_1_289' title='bbox 867 4457 954 4518; x_wconf 85' lang='lat' dir='ltr'><strong>Stur·</strong></span> <span class='ocrx_word' id='word_1_290' title='bbox 1007 4469 1072 4522; x_wconf 82' lang='lat' dir='ltr'><strong>stra</strong></span> <span class='ocrx_word' id='word_1_291' title='bbox 1089 4457 1422 4522; x_wconf 82' lang='lat' dir='ltr'><strong>Srcucnisdeseruerit.</strong></span> <span class='ocrx_word' id='word_1_292' title='bbox 1466 4461 1565 4523; x_wconf 87' lang='lat' dir='ltr'><strong>Panlo</strong></span> <span class='ocrx_word' id='word_1_293' title='bbox 1581 4477 1624 4522; x_wconf 81' lang='lat' dir='ltr'><strong>re·</strong></span> 
     </span>
     <span class='ocr_line' id='line_1_35' title="bbox 332 4561 1624 4649; baseline -0.005 -19"><span class='ocrx_word' id='word_1_294' title='bbox 332 4570 416 4646; x_wconf 77' lang='lat' dir='ltr'><strong>lasus,</strong></span> <span class='ocrx_word' id='word_1_295' title='bbox 431 4566 463 4627; x_wconf 88' lang='lat' dir='ltr'><strong>in</strong></span> <span class='ocrx_word' id='word_1_296' title='bbox 481 4565 540 4626; x_wconf 83' lang='lat' dir='ltr'><strong>bac</strong></span> <span class='ocrx_word' id='word_1_297' title='bbox 555 4583 658 4648; x_wconf 86' lang='lat' dir='ltr'><strong>pugna</strong></span> <span class='ocrx_word' id='word_1_298' title='bbox 674 4561 776 4646; x_wconf 87' lang='lat' dir='ltr'><strong>copies</strong></span> <span class='ocrx_word' id='word_1_299' title='bbox 792 4563 954 4640; x_wconf 84' lang='lat' dir='ltr'><strong>Saxonum,</strong></span> <span class='ocrx_word' id='word_1_300' title='bbox 1008 4561 1137 4629; x_wconf 83' lang='lat' dir='ltr'><strong>roinira</strong></span> <span class='ocrx_word' id='word_1_301' title='bbox 1155 4576 1267 4643; x_wconf 83' lang='lat' dir='ltr'><strong>narrat,</strong></span> <span class='ocrx_word' id='word_1_302' title='bbox 1278 4585 1347 4629; x_wconf 90' lang='lat' dir='ltr'><strong>enm</strong></span> <span class='ocrx_word' id='word_1_303' title='bbox 1357 4565 1450 4628; x_wconf 86' lang='lat' dir='ltr'><strong>liliam</strong></span> <span class='ocrx_word' id='word_1_304' title='bbox 1470 4566 1552 4649; x_wconf 83' lang='lat' dir='ltr'><strong>regis</strong></span> <span class='ocrx_word' id='word_1_305' title='bbox 1572 4565 1624 4626; x_wconf 84' lang='lat' dir='ltr'><strong>Da·</strong></span> 
     </span>
     <span class='ocr_line' id='line_1_36' title="bbox 333 4666 1623 4751; baseline -0.004 -16"><span class='ocrx_word' id='word_1_306' title='bbox 333 4673 409 4737; x_wconf 82' lang='lat' dir='ltr'><strong>duce</strong></span> <span class='ocrx_word' id='word_1_307' title='bbox 437 4673 554 4738; x_wconf 87' lang='lat' dir='ltr'><strong>Ottone</strong></span> <span class='ocrx_word' id='word_1_308' title='bbox 573 4669 804 4746; x_wconf 86' lang='lat' dir='ltr'><strong>Brunsricensi,</strong></span> <span class='ocrx_word' id='word_1_309' title='bbox 830 4666 954 4732; x_wconf 85' lang='lat' dir='ltr'><strong>affuisse</strong></span> <span class='ocrx_word' id='word_1_310' title='bbox 1011 4691 1122 4734; x_wconf 88' lang='lat' dir='ltr'><strong>norum</strong></span> <span class='ocrx_word' id='word_1_311' title='bbox 1136 4669 1297 4750; x_wconf 83' lang='lat' dir='ltr'><strong>(Svenonis</strong></span> <span class='ocrx_word' id='word_1_312' title='bbox 1315 4672 1517 4751; x_wconf 84' lang='lat' dir='ltr'><strong>scilicet,non</strong></span> <span class='ocrx_word' id='word_1_313' title='bbox 1536 4672 1623 4734; x_wconf 79' lang='lat' dir='ltr'><strong>Gerr·</strong></span> 
     </span>
     <span class='ocr_line' id='line_1_37' title="bbox 330 4773 1624 4864; baseline -0.005 -20"><span class='ocrx_word' id='word_1_314' title='bbox 330 4785 443 4864; x_wconf 77' lang='lat' dir='ltr'><strong>Magno</strong></span> <span class='ocrx_word' id='word_1_315' title='bbox 463 4777 556 4857; x_wconf 74' lang='lat' dir='ltr'><strong>(nia.</strong></span> <span class='ocrx_word' id='word_1_316' title='bbox 580 4795 644 4861; x_wconf 84' lang='lat' dir='ltr'><strong>reg.</strong></span> <span class='ocrx_word' id='word_1_317' title='bbox 663 4779 757 4842; x_wconf 78' lang='lat' dir='ltr'><strong>Not-r.</strong></span> <span class='ocrx_word' id='word_1_318' title='bbox 781 4777 841 4840; x_wconf 86' lang='lat' dir='ltr'><strong>rol.</strong></span> <span class='ocrx_word' id='word_1_319' title='bbox 861 4779 902 4840; x_wconf 86' lang='lat'><strong>111</strong></span> <span class='ocrx_word' id='word_1_320' title='bbox 923 4798 954 4861; x_wconf 87' lang='lat' dir='ltr'><strong>p.</strong></span> <span class='ocrx_word' id='word_1_321' title='bbox 1012 4777 1048 4857; x_wconf 85' lang='lat' dir='ltr'><strong>ti,</strong></span> <span class='ocrx_word' id='word_1_322' title='bbox 1069 4789 1105 4841; x_wconf 89' lang='lat' dir='ltr'><strong>ut</strong></span> <span class='ocrx_word' id='word_1_323' title='bbox 1119 4775 1213 4842; x_wconf 85' lang='lat' dir='ltr'><strong>rerba</strong></span> <span class='ocrx_word' id='word_1_324' title='bbox 1232 4776 1342 4842; x_wconf 76' lang='lat' dir='ltr'><strong>Adami</strong></span> <span class='ocrx_word' id='word_1_325' title='bbox 1361 4773 1624 4864; x_wconf 82' lang='lat' dir='ltr'><strong>perperam-intel·</strong></span> 
     </span>
    </p>
   </div>
   <div class='ocr_carea' id='block_1_5' title="bbox 0 0 1762 5458">
    <p class='ocr_par' dir='ltr' id='par_1_5' title="bbox 0 0 1762 5458">
     <span class='ocr_line' id='line_1_38' title="bbox 0 0 1762 5458; baseline 0 0"><span class='ocrx_word' id='word_1_326' title='bbox 0 0 1762 5458; x_wconf 95' lang='lat' dir='ltr'><strong> </strong></span> 
     </span>
    </p>
   </div>
  </div>
 </body>
</html>
