3506 5458
357 301 432 378 540
715 306 892 378 tltstott.
907 308 1013 384 DAN.
1028 309 1167 382 LlBEll
1182 311 1226 382 X.

306 518 437 592 relictis
460 513 560 616 apud
581 514 745 614 Angliam
759 517 955 614 praesidiis,
984 519 1136 592 Dataiam
1165 521 1391 619 mvigatione
1423 519 1613 610 contendit,

306 639 497 716 rffineudoe
511 639 636 714 insulae
653 663 755 738 spem
772 666 844 714 non
859 641 977 716 solnm
994 645 1032 716 in
1052 642 1228 716 Godoatnt
1251 641 1349 733 filiis,
1374 642 1511 741 quibus
1523 667 1610 716 san-

306 767 413 862 gvine
426 761 622 836 admodum
644 761 855 856 conjunctus
869 763 996 853 fuerat,
1023 790 1220 862 reponens,
1245 765 1309 840 sed
1335 773 1442 840 etiam
1464 789 1509 838 ex
1534 767 1609 862 ipsa

305 891 477 960 consortis
498 887 554 960 sui
576 883 765 960 stoliditate
789 883 998 985 desidiaque
1021 913 1250 985 praesumem
1327 885 1434 980 Quod
1462 884 1610 960 audiens

305 1012 468 1108 Magnus,
494 1010 657 1097 Daniam,
677 1007 825 1104 perinde
848 1033 890 1082 ac
915 1009 985 1082 sibi
1000 1027 1131 1084 mntuae
1153 1013 1325 1110 pactionis
1352 1009 1431 1108 lege
1455 1008 1609 1082 debitam

304 1133 487 1232 ipsiusque
510 1132 635 1204 Canuti
656 1147 862 1206 testamento
882 1132 1055 1234 legatam,
1096 1135 1209 1230 aequis
1233 1132 1466 1232 popularium
1487 1133 1610 1204 animis

304 1270 467 1352 occupat,
488 1254 727 1352 Svenonique,
740 1257 957 1352 cognationis
973 1261 1143 1328 rationem
1162 1255 1298 1336 edenti.
1330 1255 1514 1351 pristinam
1537 1258 1608 1326 loe-

183 1399 185 1404 ’
303 1376 396 1452 deris
414 1376 651 1450 conditionem
673 1377 832 1473 opponit
890 1381 961 1450 Nee
982 1377 1161 1453 dubitavit
1183 1379 1435 1452 alienissimum
1450 1377 1611 1474 sangaiui

304 1504 559 1597 sno¹regnnm
587 1498 692 1595 legati
709 1499 812 1573 titulo
834 1501 1026 1599 postulone.
1088 1500 1155 1572 Sed
1180 1518 1215 1574 et
1228 1506 1332 1592 Dani,
1354 1504 1468 1600 pacti,
1492 1499 1551 1572 cui
1572 1523 1610 1572 se

302 1637 525 1694 sacramento
550 1620 816 1720 obligaverant,
836 1629 975 1705 ,ratione
1002 1630 1165 1721 permoti,
1188 1629 1403 1698 constantius
1431 1621 1609 1722 religionis

305 1771 415 1844 quam
442 1742 682 1819 familiaritatis
708 1744 817 1820 fidem
840 1745 1080 1844 praestandam
1106 1746 1301 1844 putabant3
1333 1745 1499 1842 ideoque,
1517 1744 1608 1814 lacta

302 1868 575 1964 competitorum
594 1869 829 1959 aesnmauone,
846 1869 1001 1944 alienum
1024 1868 1218 1945 domestico
1239 1868 1483 1966 praetulerunt,
1506 1869 1608 1938 curi·

302 1995 400 2066 osius
426 1987 571 2064 foederis
596 1993 726 2087 pignus
742 2016 852 2088 qnam
879 1990 1036 2064 debitam
1059 2016 1171 2091 regno
1194 1994 1401 2088 prosapiam
1422 1993 1609 2074 intuentes,

302 2113 460 2210 fideiqne
477 2135 552 2186 suae
569 2135 679 2210 quam
697 2115 817 2210 patriae
833 2119 1008 2210 respectui
1029 2117 1225 2212 propiores.
1276 2117 1387 2212 lgitur
1400 2111 1607 2210 alienigenae

304 2251 419 2334 partes
434 2233 601 2336 religioso
627 2236 749 2308 favore
780 2237 974 2334 complexi,
995 2238 1169 2334 praeterita
1204 2237 1331 2308 Canuti
1346 2235 1517 2324 familia²,
1540 2258 1606 2304 re-

302 2385 390 2458 gum
413 2381 561 2432 suorum
586 2363 793 2455 sangvinem
818 2358 970 2458 repulsae
1005 2358 1223 2434 deformitate
1245 2356 1465 2440 confundere
1495 2379 1607 2455 quarn

300 2478 533 2582 jurisiurandi
555 2478 738 2554 vinculum
753 2502 987 2580 perrumpere
1015 2480 1235 2575 maluerant,
1256 2485 1505 2582 suffragiorum
1525 2481 1607 2578 jura

302 2629 375 2678 nou
393 2601 613 2694 adulationis,
629 2601 691 2674 sed
708 2601 792 2676 fidei
808 2606 933 2680 intuitu
951 2604 1197 2704 ponderantes,
1212 2623 1325 2706 seque
1340 2606 1422 2704 plus
1443 2603 1606 2702 religioni

301 2751 412 2825 quam
428 2751 540 2825 regno
557 2724 688 2798 debere
706 2727 868 2802 confessi.
920 2727 1021 2802 Adeo
1042 2731 1312 2826 promissionem
1342 2753 1443 2802 suam
1466 2750 1603 2823 seque·-

301 2867 409 2924 stram
428 2851 575 2948 perjurii
597 2848 672 2922 fieri
697 2849 895 2925 noluerant.
956 2855 1084 2945 Quanti
1106 2855 1213 2950 igitur
1227 2849 1367 2925 roboris
1391 2852 1499 2924 fuisse
1519 2865 1604 2921 tune

301 2978 498 3047 intercives
520 2973 689 3072 justitiam
714 2972 913 3066 eredimus,
939 3001 1021 3048 cnm
1055 2975 1142 3045 inter
1167 2973 1317 3050 diversae
1336 2979 1488 3048 nationis
1511 2973 1603 3044 viros

300 3111 436 3170 tantum
451 3099 581 3170 sirium
603 3093 803 3193 possedisse
816 3099 1026 3170 cernamus?
1049 3099 1242 3170 Etutinam
1258 3098 1391 3172 adultae
1412 3100 1486 3196 jaan
1512 3093 1603 3168 reli-

300 3222 396 3320 gioni
413 3245 454 3292 ea
475 3218 574 3317 apud
592 3235 732 3292 nostros
753 3225 803 3292 vis
819 3224 1059 3317 autoritasque
1076 3235 1272 3309 constaret,
1294 3245 1405 3320 quam
1425 3221 1516 3292 inter
1529 3245 1600 3290 au-

299 3344 417 3442 tiquos
438 3360 556 3416 tenera
572 3357 679 3440 atque
704 3345 840 3416 enervis
864 3341 1045 3416 babuerat.
1096 3348 1227 3417 Contra
1248 3346 1377 3434 Sveno,
1399 3345 1601 3442 subjectam

298 3465 476 3541 stoliditati
493 3465 732 3542 conditionem
750 3469 953 3566 reputans³,
979 3477 1205 3542 temerarium
1228 3467 1433 3544 consobrini
1455 3480 1601 3564 pactum

297 3723 402 3790 sedin
422 3723 520 3788 Dania
539 3737 657 3810 septem
679 3745 774 3787 annos
792 3743 919 3810 regnum
975 3724 1151 3810 vestigium
1170 3728 1379 3811 acquescens
1400 3743 1471 3786 mox
1484 3719 1599 3784 Harde

296 3845 444 3896 tenuerat.
975 3844 1087 3896 canuto
1111 3831 1256 3896 defuncto
1274 3852 1403 3916 regnum
1420 3830 1528 3892 Daniae
1545 3847 1597 3911 po

342 3943 575 4002 ¹Aliea12asiaaum
592 3942 730 4021 sangnini
743 3935 809 4016 aaa]
823 3942 856 4000 ln
873 3937 920 4000 ed.
974 3938 1108 4000 stularit.
1131 3941 1287 4002 Snorrone
1302 3937 1435 4000 Sturlaeo
1447 3933 1597 3998 referente

295 4069 343 4132 pr.
365 4060 436 4131 post
462 4050 665 4110 alienissimum
688 4043 832 4106 inseritur
857 4049 919 4106 sthi.
975 4041 1061 4123 (hist.
1092 4065 1156 4128 reg.
1179 4049 1310 4128 Norveg,
1332 4045 1395 4108 tol.
1421 4047 1461 4105 lll
1487 4065 1518 4126 p.
1540 4035 1594 4118 Ἡ)

340 4158 519 4216 ²Proetera'tc
534 4197 555 4216 ..
562 4150 698 4235 familiia]
715 4151 778 4230 (Sic
793 4152 920 4214 correxi.
975 4153 1076 4214 Saena
1097 4173 1176 4214 anno
1193 4149 1302 4217 tussa
1322 4170 1394 4233 rege
1409 4154 1530 4231 Magno,
1543 4145 1593 4230 qui

294 4261 835 4346 Superiorespraeaera'tum..familiam
843 4258 918 4342 Mg.)
973 4257 1134 4341 imperinm
1147 4258 1253 4320 Daniae
1271 4257 1300 4320 vi
1322 4254 1495 4320 testamenti
1516 4249 1593 4316 obti-

341 4371 476 4432 ³Coutru
501 4368 594 4427 Saletio
627 4365 781 4444 subjectam
804 4367 919 4426 saotidi·
972 4376 1207 4440 sarracenicas
1232 4360 1325 4442 (darl)
1343 4375 1461 4428 ereum
1480 4359 1538 4424 suit
1563 4369 1591 4420 el

294 4481 355 4538 tati
366 4476 555 4540 conditionem
570 4465 721 4556 reputans]
732 4471 839 4530 Partes
854 4489 917 4530 um·
971 4471 1079 4534 Daaiae
1095 4467 1266 4554 prefectus.
1285 4469 1432 4553 Sequenti
1448 4486 1526 4530 annu
1549 4483 1592 4526 re·

294 4579 367 4641 nino
389 4578 511 4643 lactitiae
525 4575 805 4640 SaenoniaNostro
822 4573 917 4636 tribu·
973 4575 1018 4660 gis
1041 4576 1164 4638 titulum
1182 4575 1239 4638 sibi
1262 4576 1326 4660 ipse
1348 4573 1486 4638 summit
1508 4569 1590 4650 (ibid.

293 4697 394 4750 antur.
445 4689 550 4769 Neque
579 4685 660 4746 enim
685 4682 780 4750 ¹ullum
800 4679 837 4742 de
859 4703 914 4764 po·
972 4705 1002 4767 p.
1028 4679 1098 4761 31).·
1141 4685 1284 4746 Attamen
1309 4702 1378 4744 cuna
1403 4683 1516 4742 Nostro
1540 4677 1588 4738 ali·

292 4803 402 4856 testate
436 4792 535 4874 aliqua
569 4787 717 4854 Saenonis
739 4789 770 4852 in
798 4789 915 4872 Anglos
969 4800 1116 4870 quatenus
1144 4787 1218 4852 lacit
1250 4787 1382 4852 Adamas
1414 4783 1590 4856 Bremeaais

235 4941 237 4948 a
293 4895 375 4980 apud
397 4896 561 4977 scriptores
584 4895 739 4977 indigenas
762 4899 914 4982 reperitur
969 4893 1035 4959 haec
1049 4895 1182 4958 scribens
1197 4895 1280 4974 (hist.
1299 4897 1404 4959 eccles.
1418 4891 1469 4954 lib.
1485 4892 1512 4953 ll
1526 4909 1587 4972 cap.
