3442 5456
378 327 452 400 278
722 324 1018 396 salsamenta.
1033 323 1171 395 LIBER
1187 324 1243 394 vt.

328 561 485 636 quaeque
499 550 733 634 penetrantes,
757 531 1007 608 Ruthenorum
1021 536 1223 630 principem
1236 530 1429 604 Flaccam²
1451 532 1611 620 moneris,

329 659 463 758 quibus
480 661 679 756 irrepserat,
694 655 839 729 latebris
856 656 1002 752 ejecere.
1056 657 1138 746 Quo
1155 655 1191 726 in
1209 653 1292 728 loco
1310 669 1406 726 tauto
1419 651 1611 750 praedrapo-

330 781 381 852 titi
403 794 504 868 sunt,
526 795 565 850 ut
587 803 634 852 ne
654 801 750 850 unus
766 776 913 874 quidem
938 792 1087 868 extaret,
1118 781 1181 874 qui
1203 800 1276 850 non
1306 799 1399 848 auro
1420 789 1612 874 argentoque

331 917 476 976 onustus
492 899 643 974 classem
664 917 850 998 repeteret.

460 1025 605 1096 Mortuo
621 1038 741 1096 autem
756 1027 918 1096 Bemono
941 1019 1183 1096 Starcatberus
1202 1021 1249 1094 ab
1267 1019 1409 1094 athletis
1422 1020 1612 1093 Biarnreoei·

331 1145 423 1217 bus²
453 1143 504 1216 ob
524 1145 687 1218 virtutem
723 1141 899 1236 adscitus,
939 1169 1023 1216 omn
1046 1143 1203 1242 plurima
1231 1141 1333 1242 apud
1353 1167 1416 1216 eos
1442 1157 1615 1216 memorato

333 1265 439 1365 digna
454 1264 626 1341 edidisset
637 1265 806 1352 facinora,
830 1267 1010 1339 Svennum
1026 1264 1116 1340 fines
1132 1264 1334 1368 ingreditur.
1372 1265 1442 1338 Ubi
1461 1289 1538 1338 cum
1551 1262 1614 1335 liliis

331 1392 359 1462 F
362 1399 402 1462 [ὃ
426 1391 613 1486 septennio
637 1386 816 1478 feriatus³,
840 1386 889 1460 ab
910 1385 966 1462 his
990 1385 1136 1460 tandem
1158 1385 1205 1458 ad
1227 1391 1410 1462 Heronem
1431 1390 1547 1460 Dauiae
1566 1401 1614 1480 ty·

334 1513 506 1586 rannunr⁴
526 1534 564 1582 se
588 1509 754 1600 contulit,
775 1509 878 1609 quod
895 1508 995 1613 apud
1017 1505 1187 1607 Upsalam
1208 1510 1465 1584 sacrificiorum
1481 1525 1616 1604 tempore

333 1637 541 1708 consumtus
571 1633 806 1708 effoeminatos
829 1658 1023 1733 corporum
1048 1649 1168 1708 motus
1192 1637 1430 1730 scenicosque
1454 1631 1617 1705 immotum

336 1753 485 1852 plausus
508 1782 551 1830 ac
575 1754 695 1830 mollia
717 1755 883 1830 nolarum
907 1755 1144 1854 crepitacula⁵
1174 1753 1354 1830 fastidiret.
1413 1751 1512 1828 Unde
1533 1767 1617 1852 patet,

384 2047 393 2080 ¹
405 2037 552 2122 Flaccum]
566 2041 702 2104 Historia
718 2039 856 2106 fabulosa
871 2041 961 2106 Half·

338 2145 419 2226 dani,
434 2147 560 2209 Eisteini
576 2147 641 2226 lilii,
659 2161 876 2214 commemorat
890 2148 964 2212 Flo-

1022 2053 1208 2105 uarrarerat.
1269 2037 1352 2102 Fieri
1380 2035 1502 2123 quidem
1528 2043 1619 2120 potest,

1021 2160 1056 2210 ut
1070 2147 1205 2210 diuerms
1226 2157 1348 2208 autores
1368 2156 1489 2208 secutus
1512 2141 1620 2204 discum

338 2251 421 2330 tum,
441 2273 545 2338 regern
567 2252 728 2316 Finnieum
747 2267 780 2318 et
800 2275 858 2339 pro
876 2275 962 2318 ruore

338 2358 438 2441 gentis
455 2359 687 2437 incantatorem,
711 2359 742 2420 in
757 2359 866 2444 praelio
886 2381 962 2445 quo·

339 2461 410 2526 dam
439 2465 471 2526 in
505 2466 612 2528 Bassia
642 2465 775 2528 occisum
803 2463 961 2543 (Fornald.

338 2573 401 2654 sir'g.
418 2571 478 2633 rol.
491 2573 530 2632 111
544 2593 575 2656 p.
592 2560 665 2650 540,
687 2561 846 2651 atesis)

384 2677 539 2738 ²Acttetis
569 2673 795 2757 Bt‘armenst'bus]
829 2675 964 2739 Athletas

339 2777 527 2842 Biarmenses
552 2781 583 2842 in
613 2781 750 2865 genuinis
770 2779 963 2845 islandorum

338 2887 542 2948 monumentis
553 2906 701 2971 nusquam
715 2901 890 2966 occurrunt,
910 2889 963 2951 sed

340 2991 420 3054 i'anra
446 3004 512 3055 erat
537 2994 686 3080 vulgaris,
713 2993 966 3058 Biurmelandiam

339 3097 578 3163 incestatoribus
601 3119 665 3162 esse
696 3099 852 3164 refertam.
909 3104 966 3166 Su·

339 3202 442 3284 spicor
459 3202 571 3288 itaque,
595 3205 799 3268 narrationem
823 3205 967 3272 derebus

224 3319 227 3326 “
340 3309 573 3370 aStar·cathero
599 3309 631 3370 in
657 3310 881 3375 Biarmelandie
911 3334 963 3398 ge-

341 3410 395 3474 stis
422 3425 484 3474 taur
520 3413 612 3475 luisse
648 3411 833 3496 fabulosam,
866 3430 900 3482 ut
927 3420 964 3480 il·

341 3519 401 3580 lam
419 3521 497 3581 Saxo
514 3519 671 3584 annalibus
686 3521 747 3585 suis
762 3525 894 3586 inserere
912 3521 964 3586 de-

341 3624 527 3687 trectaverit.

1022 2255 1159 2318 attulerit
1179 2251 1375 2331 traditiones;
1427 2248 1480 2316 sed
1499 2247 1621 2314 liberatur

1021 2360 1147 2422 omuino
1179 2382 1197 2422 a
1221 2360 1311 2444 culpa
1332 2357 1426 2442 hujus
1447 2356 1562 2420 lucarie
1585 2362 1620 2412 sat

1021 2486 1155 2550 magnae,
1192 2465 1218 2528 si
1245 2464 1404 2528 statuimus
1438 2483 1506 2526 eum
1541 2473 1622 2541 tyran-

1023 2596 1096 2636 num
1112 2572 1294 2636 intellexisse
1314 2569 1514 2656 praefectum,
1540 2583 1622 2650 queru-

1024 2677 1188 2740 admodum
1202 2699 1292 2762 supra
1309 2675 1361 2739 lib.
1381 2679 1422 2738 111
1448 2699 1477 2760 p.
1494 2669 1547 2736 135
1561 2691 1622 2755 pra-

1023 2783 1171 2846 fecturam
1192 2784 1284 2846 Jutiae
1306 2779 1498 2865 tyrannidem
1521 2793 1623 2840 rorare

1023 2901 1079 2953 rat.
1113 2883 1164 2953 'lta
1183 2891 1268 2952 locus
1281 2888 1319 2950 de
1334 2893 1464 2951 Herone
1477 2885 1573 2948 melius
1586 2901 1624 2942 oe

1024 2993 1123 3059 lraeret
1150 3015 1212 3058 non
1235 2995 1328 3057 modo
1356 3015 1427 3056 cunr
1451 2985 1624 3076 praecedeuti·

1026 3101 1092 3179 bus,
1108 3100 1265 3164 sedetiam
1280 3121 1347 3160 eum
1363 3097 1570 3183 sequentibus,
1585 3090 1624 3154 ubl

1024 3207 1161 3270 victorie
1189 3205 1227 3270 ab
1259 3204 1459 3268 orientalibus
1485 3210 1626 3288 reportate

1024 3310 1063 3373 ad
1076 3310 1270 3396 splendorem
1284 3309 1406 3394 imperii
1420 3307 1578 3372 Frothouis
1591 3323 1625 3364 re-

1024 3415 1099 3480 ferri
1125 3415 1277 3479 videntur.
1324 3419 1356 3478 In
1381 3413 1561 3478 carminibus
1577 3406 1627 3493 qui-

1024 3520 1091 3584 dem
1103 3503 1289 3585 Stercuthcri
1302 3525 1390 3584 Haeo
1403 3521 1452 3586 bis
1466 3541 1518 3583 rex
1532 3535 1627 3580 nuncu·

1022 3639 1122 3712 patur,
1135 3626 1263 3690 fortasse
1279 3639 1424 3712 tanquam
1439 3647 1492 3690 rex
1508 3623 1627 3688 marinus

388 3732 482 3792 ³Crtm
492 3733 570 3814 filri's
584 3737 644 3794 Fuci·
659 3731 958 3821 septenniosarr'atus]
1067 3735 1195 3795 5Μοίὶοἰι
1213 3735 1346 3796 nolarum
1362 3727 1553 3821 meptacale]
1568 3731 1628 3790 llaec

341 3837 368 3898 F
368 3839 402 3898 ri
414 3835 496 3898 idem
507 3851 553 3900 est
563 3856 598 3900 ac
608 3839 704 3916 Freir,
721 3841 858 3923 quiteste
868 3843 962 3904 Snor·
1019 3836 1149 3901 fortasse
1162 3836 1298 3900 desorata
1313 3849 1383 3900 sunt
1401 3859 1438 3902 ex
1455 3833 1629 3900 carmincii·

340 3960 417 4002 rone
443 3943 535 4004 etiam
563 3946 670 4028 Yngre
692 3942 789 4006 dictus
814 3957 873 4024 est,
906 3967 962 4007 un·
1020 3942 1194 4022 ltarsballrr,
1216 3943 1302 4022 cujus
1320 3941 1527 4025 fragmentum
1545 3941 1572 4004 in
1593 3936 1627 3998 li·

341 4043 380 4106 de
392 4066 479 4130 reges
493 4049 698 4130 Upsalienses,
720 4050 758 4112 ab
778 4049 960 4134 Yngrefreir
1022 4049 1116 4112 storia
1125 4048 1265 4111 Gritlrrici
1277 4050 1356 4132 regis
1369 4062 1524 4111 serratum
1536 4047 1628 4136 (lfom-

341 4163 466 4215 stemma
495 4152 694 4232 deducentes,
715 4156 883 4240 Ynglingar
912 4181 965 4242 ap·
1025 4153 1085 4216 ald.
1105 4157 1175 4237 ὥς.
1196 4155 1257 4217 vol.
1287 4158 1328 4216 lll
1345 4178 1376 4238 p.
1399 4151 1513 4232 36-37)
1538 4144 1629 4212 destri-

343 4261 448 4342 pellati
462 4271 535 4321 sunt
550 4257 787 4346 (Ynglingasaga
809 4285 874 4346 cap.
899 4262 965 4344 ll.)
1024 4259 1079 4339 bit,
1102 4259 1256 4344 quomodo
1278 4259 1494 4323 Starcatherns
1511 4279 1561 4320 ceu
1574 4257 1630 4316 hor·

341 4367 411 4426 Hoc
442 4386 553 4429 nornen
586 4366 770 4448 gentilitium
793 4368 871 4431 lilios
902 4371 964 4431 Fro
1024 4365 1108 4428 ridus
1137 4379 1168 4427 et
1196 4365 1329 4428 incultus
1355 4363 1463 4428 irrisus
1489 4363 1575 4426 luerit
1600 4357 1630 4419 alr

343 4473 526 4554 appellando
545 4472 724 4556 expressisse
739 4473 868 4536 videtur.
1026 4472 1148 4535 athletis
1156 4471 1390 4556 Upsaliensibus,
1412 4483 1446 4533 et
1468 4471 1630 4532 hunuanus

388 4579 462 4640 ‘Ad
486 4581 634 4642 Heronem
660 4583 766 4642 Danaus
791 4577 962 4663 tyrannum]
1026 4579 1161 4642 eobmret
1175 4597 1244 4640 eum
1259 4577 1305 4656 iis,
1323 4599 1393 4662 quas
1415 4577 1449 4638 iu
1475 4571 1631 4636 limineho·

344 4683 420 4742 Haec
434 4701 603 4766 repugnare
615 4684 817 4762 ridenturiis,
834 4687 964 4768 quasa·
1025 4683 1071 4765 jus
1094 4683 1276 4748 narrationis
1296 4681 1465 4748 tradiderat
1486 4691 1583 4742 noster
1601 4669 1630 4731 ds

346 4806 386 4850 xo
406 4807 497 4869 snpra
516 4811 547 4870 p.
564 4789 627 4853 273
650 4789 688 4852 de
705 4789 903 4856 starcatlrero
929 4791 962 4852 in
1023 4789 1218 4855 Starcatlraro
1235 4791 1270 4856 in
1288 4791 1354 4854 aula
1370 4785 1538 4853 Frotlrouis
1550 4778 1631 4844 indies

346 4890 578 4954 contubernium
627 4895 790 4958 Frotlrouis
835 4908 961 4980 recepto
1023 4898 1132 4960 nultius
1146 4897 1262 4962 babitu.
1366 4917 1371 4930 ·
1399 4919 1402 4926 ·
