3476 5460
380 285 457 370 410.
714 291 890 364 utstott
904 293 1010 364 DAN·
1026 291 1163 366 nunu
1183 289 1269 366 vm,

328 521 379 588 re,
391 499 623 600 abnuimus
638 496 889 576 dormientium
907 503 1036 598 mpitr,
1050 525 1130 600 quo
1144 445 1306 602 turpiore
1321 527 1384 578 eos
1404 503 1532 578 morto'
1547 529 1630 586 oon·

328 636 504 712 sumeret,
534 624 669 722 inguini
687 621 843 697 sociavit.
916 623 1072 696 Excitntn
1099 631 1249 724 strepitu
1269 628 1394 726 regino
1422 653 1633 724 causamque
1713 615 1716 660 '³

328 745 408 843 ejus
432 741 569 818 discere
605 743 754 842 cupiens
787 744 924 816 concito
947 741 1043 820 fores
1069 749 1201 844 petivit.
1252 746 1324 822 Sed
1347 746 1437 822 dnm
1455 753 1631 849 caputiu-

329 874 467 942 cautios
483 871 601 956 exerit,
623 866 821 964 improviso
842 867 1125 944 Gunnouisenuc
1139 869 1358 944 confoditur.
1412 874 1506 964 Quoe
1525 897 1631 970 quum
1715 899 1716 938 ι

328 990 543 1066 mortiflcum
560 988 692 1064 vulnus
707 1003 851 1086 experta
864 1005 1065 1081 corrueret,
1087 989 1227 1066 reflexis
1250 1001 1286 1066 in
1308 995 1508 1068 occisorem
1530 991 1632 1066 lumi·
1715 1075 1716 1110 3

328 1113 446 1204 nibus,
470 1109 621 1202 Nullius,
642 1113 769 1208 inquit,
786 1109 934 1183 obtentu
950 1109 1098 1204 fraudis,
1121 1114 1334 1188 siincolumi
1355 1114 1441 1188 mibi
1458 1119 1578 1188 virete
1590 1113 1633 1186 li-

327 1235 468 1326 cuisset,
491 1233 547 1310 bis
565 1232 698 1306 finibus
715 1231 910 1330 impunitus
935 1232 1136 1308 excederes.
1201 1235 1255 1310 Ad
1275 1235 1374 1310 hunc
1391 1237 1542 1310 modum
1557 1261 1631 1318 ore-
1715 1301 1716 1324 ,

326 1357 412 1432 brus
434 1359 470 1430 in
491 1377 742 1456 percussorem
770 1360 883 1429 minus
898 1353 1116 1430 moribunda
1130 1358 1302 1457 profudit.
1362 1357 1629 1448 eustraciu-
1715 1349 1716 1420 ἦ

328 1479 480 1554 moricus
496 1503 568 1554 uno
590 1503 674 1552 cum
692 1480 880 1569 Gonnum,
900 1477 1059 1576 preculari
1084 1481 1249 1555 facinoris
1268 1484 1389 1572 socio,
1421 1481 1631 1554 cheruru-

327 1601 415 1693 lum,
441 1607 477 1673 in
492 1627 568 1700 quo
593 1625 655 1674 rex
676 1599 849 1674 fraternus
875 1603 1038 1674 convivio
1063 1601 1270 1676 celebrabat
1293 1605 1483 1701 exequias,
1507 1609 1630 1680 condis
1715 1601 1716 1612 ’

326 1724 528 1800 temulentia
554 1725 672 1814 victis,
696 1720 843 1796 admoto
868 1721 989 1795 furtim
1010 1723 1175 1798 incendio
1196 1727 1363 1824 complet.
1427 1730 1512 1820 Qno
1537 1725 1630 1800 totius

327 1850 428 1940 fuso,
452 1845 611 1948 quidum,
631 1842 807 1918 ebrietatis
827 1861 976 1942 stupore
989 1845 1171 1940 discusso,
1194 1850 1360 1924 immissis
1374 1854 1477 1948 equis
1500 1847 1627 1946 depre-

326 1970 456 2046 hensos
470 1966 620 2068 periculi
647 1969 885 2064 insequuntur
913 1983 1088 2044 suctores.
1156 1976 1201 2044 At
1221 1973 1371 2070 juvenes
1394 1977 1555 2068 primum
1569 1973 1627 2068 ju-

327 2097 472 2184 mentis,
498 2116 581 2190 qute
607 2093 848 2188 receperam,
872 2093 983 2180 vecti,
1027 2091 1075 2166 ad
1101 2093 1278 2185 ultimum,
1302 2093 1428 2168 iisdem
1458 2093 1626 2194 prolixiori

326 2242 438 2294 eursu
453 2213 650 2304 debilitatis,
676 2210 814 2310 pedites
830 2211 962 2286 dedere
976 2213 1108 2313 fugam.
1167 2219 1322 2316 Jamque
1336 2243 1441 2315 paenc
1458 2217 1628 2315 occupetis

327 2343 442 2416 omnis
455 2335 615 2412 remedio
631 2336 708 2408 suit.
757 2339 905 2408 Pontem
925 2338 1032 2428 enim,
1055 2357 1260 2436 queritante
1280 2339 1445 2412 morundi
1459 2363 1625 2438 perseeu-

326 2469 412 2538 toris
431 2465 543 2562 gratia
559 2461 717 2558 praeoisis
743 2457 791 2530 ad
814 2457 974 2530 medium
990 2461 1153 2536 trabibus
1170 2489 1243 2536 nou
1259 2462 1369 2536 modo
1389 2487 1542 2536 onerum
1563 2465 1627 2534 im·

324 2587 535 2684 putientem‚
554 2578 619 2654 scd
641 2580 744 2654 etiam
768 2583 881 2654 ruinae
896 2583 1142 2681 propinquum
1164 2583 1362 2676 effecerunt,
1382 2586 1627 2685 proetergreeei,

210 2707 221 2729 '
325 2711 362 2782 in
377 2731 531 2806 opacum
550 2703 596 2777 de
612 2701 785 2776 industria
810 2708 1016 2802 voraginem
1033 2721 1297 2779 concesserunt.
1356 2708 1523 2799 Quibus
1514 2731 1624 2780 ιιιιιιιι-

325 2847 448 2904 nentes
470 2827 606 2918 Soloi,
641 2823 730 2896 dum
754 2847 883 2918 purum
907 2841 1103 2924 prospecto
1126 2829 1286 2926 periculo
1318 2833 1422 2928 equis
1444 2827 1623 2930 improvid

324 2970 473 3054 pontem
486 2963 653 3038 onerant,
681 2944 923 3020 desidentibus
948 2947 1116 3024 tabulatis
1139 2957 1273 3025 sucossi
1305 2955 1569 3070 precipiuntur
1595 2955 1624 3020 in

324 3077 469 3151 iiuruen.
529 3070 599 3144 Sed
619 3069 707 3144 dum
724 3065 864 3141 enundo
887 3073 1003 3166 ripum
1027 3088 1219 3169 appetunt,
1247 3062 1474 3148 aGunnone
1495 3090 1530 3146 et
1548 3075 1625 3145 Jer-

324 3199 459 3270 merico
481 3193 707 3267 obstantibus
734 3195 912 3292 intercepti
938 3195 1044 3268 mersi
1069 3211 1131 3268 aut
1152 3197 1324 3270 interfecti
1347 3211 1441 3270 sunt.
1502 3195 1580 3268 Ιιι
1566 3221 1624 3291 Ju-

325 3343 445 3406 rcues,
459 3316 600 3415 egregio
615 3314 804 3390 calliditate
826 3322 892 3408 usi,
913 3343 986 3390 non
1010 3333 1050 3391 ut
1065 3319 1210 3416 fugitiva
1232 3321 1420 3415 mancipia,
1440 3317 1508 3392 sed
1530 3315 1623 3415 quusi

324 3439 465 3544 proditi
483 3436 632 3514 consilio
647 3461 760 3530 senes,
783 3442 901 3538 majus
926 3457 1028 3514 aetote
1051 3465 1117 3514 sun
1137 3440 1276 3516 facinus
1301 3439 1510 3530 ediderunt,
1531 3435 1622 3536 quod

324 3581 426 3640 sonte
441 3577 696 3660 conceperant,
724 3561 914 3636 efficaciter
936 3562 1177 3662 adimplendo.
1239 3567 1285 3638 At
1297 3563 1362 3637 ubi
1378 3564 1415 3634 in
1431 3561 1527 3636 littus
1539 3583 1623 3634 rcu-

324 3704 415 3776 tum,
425 3701 539 3784 rupto,
554 3682 655 3783 quod
669 3684 743 3778 fors
758 3683 947 3776 obtulerat,
961 3688 1115 3785 navigio,
1127 3692 1163 3758 in
1173 3684 1284 3760 ultum
1296 3681 1510 3784 procedunt.
1523 3687 1624 3776 Quot,

323 3816 388 3912 qui
401 3807 693 3907 insequebantur,
708 3807 851 3882 barbari
862 3815 1030 3907 navigare
1046 3823 1258 3907 conspectos
1274 3804 1502 3882 vocifmodo
1516 3827 1624 3878 revo-

248 3987 252 3998 ·
321 3931 765 4032 oereconntimegnaturos,
781 3927 974 4021 siredeuot,
987 3929 1625 4029 spondent²,quodpublicuveterum

195 4059 197 4064 ’
323 4060 479 4134 instituto
502 4077 627 4152 regum
650 4052 921 4152 percussoribus
945 4079 1137 4154 regnorum
1154 4055 1333 4128 successio
1355 4049 1624 4136 decretufueuit

368 4353 377 4389 ¹
390 4341 583 4436 deceperunt]
594 4342 777 4434 stephanius
790 4343 946 4430 corrigen-
1001 4341 1061 4406 oin
1077 4340 1222 4422 voluerit,
1238 4343 1362 4408 θοιιιιιι
1375 4341 1443 4408 bno
1454 4339 1533 4406 frico
1545 4337 1624 4404 roci·

320 4453 364 4518 ‘¹⁰
382 4464 486 4539 'm‘
497 4475 612 4540 ‘W‘
596 4469 674 4515 “³
1000 4443 1622 4668 ἶῗιῒιὲζιίᾅὶἳίἰῖιὶἷίξξ

367 4669 526 4749 'lingeuro
528 4687 625 4736 ruunt
617 4667 803 4736 iredeuom
788 4659 944 4753 ponder]
1000 4659 1083 4724 bunt
1117 4679 1189 4725 rere
1220 4657 1384 4729 berberem
1418 4660 1491 4728 odiu

321 4773 474 4834 tuorum
494 4781 558 4848 ιιι,
585 4781 688 4834 utrum
709 4783 800 4836 sutor
823 4768 946 4836 bitteri-
1002 4767 1109 4834 duntur
1125 4765 1291 4834 effinxerit.

771 5064 791 5111 1
