<?xml version="1.0" encoding="UTF-8"?>
<!DOCTYPE html PUBLIC "-//W3C//DTD XHTML 1.0 Transitional//EN"
    "http://www.w3.org/TR/xhtml1/DTD/xhtml1-transitional.dtd">
<html xmlns="http://www.w3.org/1999/xhtml" xml:lang="en" lang="en">
 <head>
  <title>
</title>
<meta http-equiv="Content-Type" content="text/html;charset=utf-8" />
  <meta name='ocr-system' content='tesseract 3.04.00' />
  <meta name='ocr-capabilities' content='ocr_page ocr_carea ocr_par ocr_line ocrx_word'/>
</head>
<body>
  <div class='ocr_page' id='page_1' title='image "./historiadanica00velsgoog_0062.png"; bbox 0 0 3548 5470; ppageno 0'>
   <div class='ocr_carea' id='block_1_1' title="bbox 699 333 943 408">
    <p class='ocr_par' dir='ltr' id='par_1_1' title="bbox 699 333 943 408">
     <span class='ocr_line' id='line_1_1' title="bbox 699 333 943 408; baseline -0.008 -2"><span class='ocrx_word' id='word_1_1' title='bbox 699 333 943 408; x_wconf 77' lang='lat' dir='ltr'><strong>HADINGUS.</strong></span> 
     </span>
    </p>
   </div>
   <div class='ocr_carea' id='block_1_2' title="bbox 249 541 1325 1746">
    <p class='ocr_par' dir='ltr' id='par_1_2' title="bbox 292 541 1271 1017">
     <span class='ocr_line' id='line_1_2' title="bbox 299 541 1141 648; baseline -0.002 -30"><span class='ocrx_word' id='word_1_2' title='bbox 299 543 375 647; x_wconf 74' lang='lat' dir='ltr'>Qui</span> <span class='ocrx_word' id='word_1_3' title='bbox 386 543 617 648; x_wconf 78' lang='lat' dir='ltr'>captiuorum</span> <span class='ocrx_word' id='word_1_4' title='bbox 623 545 776 647; x_wconf 82' lang='lat' dir='ltr'>jactare</span> <span class='ocrx_word' id='word_1_5' title='bbox 790 543 984 618; x_wconf 67' lang='lat' dir='ltr'>cadamo</span> <span class='ocrx_word' id='word_1_6' title='bbox 1000 541 1141 635; x_wconf 77' lang='lat' dir='ltr'>averit,</span> 
     </span>
     <span class='ocr_line' id='line_1_3' title="bbox 295 666 1172 768; baseline -0.003 -26"><span class='ocrx_word' id='word_1_7' title='bbox 295 673 411 768; x_wconf 86' lang='lat' dir='ltr'><em>Inque</em></span> <span class='ocrx_word' id='word_1_8' title='bbox 424 683 544 742; x_wconf 72' lang='lat' dir='ltr'>nuces</span> <span class='ocrx_word' id='word_1_9' title='bbox 556 693 681 744; x_wconf 86' lang='lat' dir='ltr'>armos</span> <span class='ocrx_word' id='word_1_10' title='bbox 696 666 836 742; x_wconf 65' lang='lat' dir='ltr'>nattis</span> <span class='ocrx_word' id='word_1_11' title='bbox 856 690 993 742; x_wconf 85' lang='lat' dir='ltr'>conare</span> <span class='ocrx_word' id='word_1_12' title='bbox 1012 667 1172 756; x_wconf 67' lang='lat' dir='ltr'>lacertas,</span> 
     </span>
     <span class='ocr_line' id='line_1_4' title="bbox 292 790 1061 895; baseline -0.003 -31"><span class='ocrx_word' id='word_1_13' title='bbox 292 798 339 864; x_wconf 83' lang='lat' dir='ltr'>Et</span> <span class='ocrx_word' id='word_1_14' title='bbox 354 791 477 865; x_wconf 72' lang='lat' dir='ltr'>cordis</span> <span class='ocrx_word' id='word_1_15' title='bbox 481 793 607 894; x_wconf 83' lang='lat' dir='ltr'>fibras</span> <span class='ocrx_word' id='word_1_16' title='bbox 608 793 721 893; x_wconf 82' lang='lat' dir='ltr'>ferro</span> <span class='ocrx_word' id='word_1_17' title='bbox 736 790 873 864; x_wconf 74' lang='lat' dir='ltr'>reinore</span> <span class='ocrx_word' id='word_1_18' title='bbox 879 790 1061 895; x_wconf 81' lang='lat' dir='ltr'>patena’1.</span> 
     </span>
     <span class='ocr_line' id='line_1_5' title="bbox 294 912 1271 1017; baseline -0.002 -29"><span class='ocrx_word' id='word_1_19' title='bbox 294 915 467 988; x_wconf 73' lang='lat' dir='ltr'>Prott&#39;nm</span> <span class='ocrx_word' id='word_1_20' title='bbox 482 915 648 990; x_wconf 72' lang='lat' dir='ltr'>adressa</span> <span class='ocrx_word' id='word_1_21' title='bbox 660 913 839 1017; x_wconf 75' lang='lat' dir='ltr'>capilum</span> <span class='ocrx_word' id='word_1_22' title='bbox 859 912 1081 1016; x_wconf 85' lang='lat' dir='ltr'>cepesauce</span> <span class='ocrx_word' id='word_1_23' title='bbox 1094 935 1271 1002; x_wconf 86' lang='lat' dir='ltr'>eruorem,</span> 
     </span>
    </p>

    <p class='ocr_par' dir='ltr' id='par_1_3' title="bbox 249 1035 1325 1746">
     <span class='ocr_line' id='line_1_6' title="bbox 249 1035 1267 1142; baseline -0.003 -30"><span class='ocrx_word' id='word_1_24' title='bbox 249 1128 252 1134; x_wconf 21' lang='lat'>¹</span> <span class='ocrx_word' id='word_1_25' title='bbox 296 1041 585 1142; x_wconf 84' lang='lat' dir='ltr'>Corporeamque</span> <span class='ocrx_word' id='word_1_26' title='bbox 599 1038 735 1139; x_wconf 82' lang='lat' dir='ltr'><em>dapem</em></span> <span class='ocrx_word' id='word_1_27' title='bbox 749 1035 979 1110; x_wconf 75' lang='lat' dir='ltr'><em>mordacibus</em></span> <span class='ocrx_word' id='word_1_28' title='bbox 996 1051 1111 1108; x_wconf 83' lang='lat' dir='ltr'>attere</span> <span class='ocrx_word' id='word_1_29' title='bbox 1124 1037 1267 1110; x_wconf 57' lang='lat' dir='ltr'>mate.</span> 
     </span>
     <span class='ocr_line' id='line_1_7' title="bbox 297 1157 1325 1250; baseline -0.003 -16"><span class='ocrx_word' id='word_1_30' title='bbox 297 1165 397 1234; x_wconf 70' lang='lat' dir='ltr'>liene</span> <span class='ocrx_word' id='word_1_31' title='bbox 410 1185 513 1234; x_wconf 84' lang='lat' dir='ltr'>nouo</span> <span class='ocrx_word' id='word_1_32' title='bbox 529 1159 591 1234; x_wconf 81' lang='lat' dir='ltr'>uis</span> <span class='ocrx_word' id='word_1_33' title='bbox 605 1157 772 1235; x_wconf 77' lang='lat' dir='ltr'>neentbrrs</span> <span class='ocrx_word' id='word_1_34' title='bbox 795 1158 931 1250; x_wconf 80' lang='lat' dir='ltr'>ederit,</span> <span class='ocrx_word' id='word_1_35' title='bbox 953 1173 1038 1233; x_wconf 82' lang='lat' dir='ltr'>tunc</span> <span class='ocrx_word' id='word_1_36' title='bbox 1053 1159 1185 1234; x_wconf 83' lang='lat' dir='ltr'>robora</span> <span class='ocrx_word' id='word_1_37' title='bbox 1201 1161 1325 1236; x_wconf 57' lang='lat' dir='ltr'>nauis</span> 
     </span>
     <span class='ocr_line' id='line_1_8' title="bbox 295 1279 1124 1385; baseline -0.007 -25"><span class='ocrx_word' id='word_1_38' title='bbox 295 1281 494 1360; x_wconf 84' lang='lat' dir='ltr'>Succedent</span> <span class='ocrx_word' id='word_1_39' title='bbox 511 1279 666 1385; x_wconf 71' lang='lat' dir='ltr'>znopino</span> <span class='ocrx_word' id='word_1_40' title='bbox 692 1284 779 1374; x_wconf 83' lang='lat' dir='ltr'>tois,</span> <span class='ocrx_word' id='word_1_41' title='bbox 798 1281 970 1383; x_wconf 60' lang='lat' dir='ltr'>solidique</span> <span class='ocrx_word' id='word_1_42' title='bbox 983 1281 1124 1384; x_wconf 63' lang='lat' dir='ltr'>orgrorn</span> 
     </span>
     <span class='ocr_line' id='line_1_9' title="bbox 297 1404 1104 1510; baseline -0.005 -28"><span class='ocrx_word' id='word_1_43' title='bbox 297 1406 644 1510; x_wconf 71' lang='lat' dir='ltr'>Congeriesperu&#39;tus</span> <span class='ocrx_word' id='word_1_44' title='bbox 667 1431 841 1481; x_wconf 84' lang='lat' dir='ltr'>neruosus</span> <span class='ocrx_word' id='word_1_45' title='bbox 853 1404 970 1478; x_wconf 78' lang='lat' dir='ltr'>t‘Ilt&#39;net</span> <span class='ocrx_word' id='word_1_46' title='bbox 991 1419 1104 1478; x_wconf 71' lang='lat' dir='ltr'>omes.</span> 
     </span>
     <span class='ocr_line' id='line_1_10' title="bbox 294 1527 1222 1632; baseline 0.001 -30"><span class='ocrx_word' id='word_1_47' title='bbox 294 1535 377 1632; x_wconf 83' lang='lat' dir='ltr'>Ipse</span> <span class='ocrx_word' id='word_1_48' title='bbox 390 1547 531 1604; x_wconf 74' lang='lat' dir='ltr'>sanam</span> <span class='ocrx_word' id='word_1_49' title='bbox 552 1531 649 1607; x_wconf 81' lang='lat' dir='ltr'>vott&#39;s</span> <span class='ocrx_word' id='word_1_50' title='bbox 664 1527 819 1621; x_wconf 78' lang='lat' dir='ltr'>editum,</span> <span class='ocrx_word' id='word_1_51' title='bbox 830 1527 1072 1630; x_wconf 80' lang='lat' dir='ltr'>fanmlosque</span> <span class='ocrx_word' id='word_1_52' title='bbox 1094 1553 1222 1632; x_wconf 88' lang='lat' dir='ltr'>sopore</span> 
     </span>
     <span class='ocr_line' id='line_1_11' title="bbox 296 1653 1131 1746; baseline -0.002 -18"><span class='ocrx_word' id='word_1_53' title='bbox 296 1653 547 1746; x_wconf 73' lang='lat' dir='ltr'>Corfinirmet</span> <span class='ocrx_word' id='word_1_54' title='bbox 560 1654 660 1728; x_wconf 81' lang='lat' dir='ltr'>lenta</span> <span class='ocrx_word' id='word_1_55' title='bbox 682 1665 866 1728; x_wconf 77' lang='lat' dir='ltr'><em>stertentes</em></span> <span class='ocrx_word' id='word_1_56' title='bbox 881 1665 985 1725; x_wconf 85' lang='lat' dir='ltr'>noete</span> <span class='ocrx_word' id='word_1_57' title='bbox 999 1653 1131 1728; x_wconf 84' lang='lat' dir='ltr'><em>tenebo.</em></span> 
     </span>
    </p>
   </div>
   <div class='ocr_carea' id='block_1_3' title="bbox 263 1795 1476 1904">
    <p class='ocr_par' dir='ltr' id='par_1_4' title="bbox 263 1795 1476 1904">
     <span class='ocr_line' id='line_1_12' title="bbox 263 1795 1476 1904; baseline -0.001 -35"><span class='ocrx_word' id='word_1_58' title='bbox 263 1801 312 1871; x_wconf 87' lang='lat' dir='ltr'>Et</span> <span class='ocrx_word' id='word_1_59' title='bbox 341 1823 426 1872; x_wconf 87' lang='lat' dir='ltr'>cum</span> <span class='ocrx_word' id='word_1_60' title='bbox 457 1796 555 1872; x_wconf 89' lang='lat' dir='ltr'>dicto</span> <span class='ocrx_word' id='word_1_61' title='bbox 585 1797 740 1904; x_wconf 86' lang='lat' dir='ltr'>relatum</span> <span class='ocrx_word' id='word_1_62' title='bbox 771 1824 868 1900; x_wconf 90' lang='lat' dir='ltr'>equo</span> <span class='ocrx_word' id='word_1_63' title='bbox 892 1801 1062 1900; x_wconf 88' lang='lat' dir='ltr'>juvenem</span> <span class='ocrx_word' id='word_1_64' title='bbox 1084 1802 1238 1899; x_wconf 86' lang='lat' dir='ltr'>pristino</span> <span class='ocrx_word' id='word_1_65' title='bbox 1261 1795 1346 1871; x_wconf 93' lang='lat' dir='ltr'>loco</span> <span class='ocrx_word' id='word_1_66' title='bbox 1366 1803 1476 1870; x_wconf 78' lang='lat' dir='ltr'>resti-</span> 
     </span>
    </p>
   </div>
   <div class='ocr_carea' id='block_1_4' title="bbox 160 1917 1607 2023">
    <p class='ocr_par' dir='ltr' id='par_1_5' title="bbox 160 1917 1607 2023">
     <span class='ocr_line' id='line_1_13' title="bbox 160 1917 1607 2023; baseline -0.003 -28"><span class='ocrx_word' id='word_1_67' title='bbox 160 1927 236 1995; x_wconf 87' lang='lat' dir='ltr'>tuit.</span> <span class='ocrx_word' id='word_1_68' title='bbox 286 1917 591 2020; x_wconf 80' lang='lat' dir='ltr'>Tunelladingus</span> <span class='ocrx_word' id='word_1_69' title='bbox 608 1921 749 1996; x_wconf 86' lang='lat' dir='ltr'>amiculi</span> <span class='ocrx_word' id='word_1_70' title='bbox 767 1923 846 2023; x_wconf 85' lang='lat' dir='ltr'>ejus</span> <span class='ocrx_word' id='word_1_71' title='bbox 863 1926 984 2014; x_wconf 85' lang='lat' dir='ltr'>rimas,</span> <span class='ocrx_word' id='word_1_72' title='bbox 1006 1921 1078 1996; x_wconf 91' lang='lat' dir='ltr'>sub</span> <span class='ocrx_word' id='word_1_73' title='bbox 1103 1947 1178 2021; x_wconf 94' lang='lat' dir='ltr'>quo</span> <span class='ocrx_word' id='word_1_74' title='bbox 1199 1919 1361 2020; x_wconf 81' lang='lat' dir='ltr'>trepidus</span> <span class='ocrx_word' id='word_1_75' title='bbox 1387 1919 1478 1992; x_wconf 88' lang='lat' dir='ltr'>deli·</span> <span class='ocrx_word' id='word_1_76' title='bbox 1601 2003 1607 2014; x_wconf 91' lang='lat'>.</span> 
     </span>
    </p>
   </div>
   <div class='ocr_carea' id='block_1_5' title="bbox 72 2043 1477 3616">
    <p class='ocr_par' dir='ltr' id='par_1_6' title="bbox 156 2043 1477 2510">
     <span class='ocr_line' id='line_1_14' title="bbox 160 2043 1477 2144; baseline 0 -28"><span class='ocrx_word' id='word_1_77' title='bbox 160 2045 270 2135; x_wconf 85' lang='lat' dir='ltr'>tebat,</span> <span class='ocrx_word' id='word_1_78' title='bbox 287 2069 355 2142; x_wconf 86' lang='lat' dir='ltr'>per</span> <span class='ocrx_word' id='word_1_79' title='bbox 370 2069 548 2118; x_wconf 86' lang='lat' dir='ltr'>summam</span> <span class='ocrx_word' id='word_1_80' title='bbox 572 2069 695 2117; x_wconf 88' lang='lat' dir='ltr'>rerum</span> <span class='ocrx_word' id='word_1_81' title='bbox 720 2043 992 2119; x_wconf 79' lang='lat' dir='ltr'>admirationem</span> <span class='ocrx_word' id='word_1_82' title='bbox 1006 2047 1104 2120; x_wconf 82' lang='lat' dir='ltr'>visus</span> <span class='ocrx_word' id='word_1_83' title='bbox 1123 2047 1377 2144; x_wconf 79' lang='lat' dir='ltr'>perspicuitate</span> <span class='ocrx_word' id='word_1_84' title='bbox 1404 2059 1477 2116; x_wconf 82' lang='lat' dir='ltr'>tra·</span> 
     </span>
     <span class='ocr_line' id='line_1_15' title="bbox 156 2153 1475 2268; baseline 0 -32"><span class='ocrx_word' id='word_1_85' title='bbox 156 2169 297 2266; x_wconf 80' lang='lat' dir='ltr'>jiciens,</span> <span class='ocrx_word' id='word_1_86' title='bbox 314 2164 564 2241; x_wconf 83' lang='lat' dir='ltr'>animadvertit</span> <span class='ocrx_word' id='word_1_87' title='bbox 585 2167 725 2267; x_wconf 79' lang='lat' dir='ltr'>equinis</span> <span class='ocrx_word' id='word_1_88' title='bbox 747 2167 837 2240; x_wconf 86' lang='lat' dir='ltr'>freta</span> <span class='ocrx_word' id='word_1_89' title='bbox 851 2183 977 2268; x_wconf 86' lang='lat' dir='ltr'>patere</span> <span class='ocrx_word' id='word_1_90' title='bbox 1001 2153 1170 2267; x_wconf 83' lang='lat' dir='ltr'>vestigiis,</span> <span class='ocrx_word' id='word_1_91' title='bbox 1194 2162 1475 2266; x_wconf 84' lang='lat' dir='ltr'>prohibitusque</span> 
     </span>
     <span class='ocr_line' id='line_1_16' title="bbox 158 2287 1476 2389; baseline 0.001 -29"><span class='ocrx_word' id='word_1_92' title='bbox 158 2293 208 2360; x_wconf 89' lang='lat' dir='ltr'>rei</span> <span class='ocrx_word' id='word_1_93' title='bbox 227 2292 447 2362; x_wconf 78' lang='lat' dir='ltr'>inconcessae</span> <span class='ocrx_word' id='word_1_94' title='bbox 467 2305 612 2388; x_wconf 87' lang='lat' dir='ltr'>captare</span> <span class='ocrx_word' id='word_1_95' title='bbox 630 2305 876 2389; x_wconf 89' lang='lat' dir='ltr'>conspectum,</span> <span class='ocrx_word' id='word_1_96' title='bbox 897 2287 1027 2389; x_wconf 91' lang='lat' dir='ltr'>plenos</span> <span class='ocrx_word' id='word_1_97' title='bbox 1045 2291 1204 2386; x_wconf 88' lang='lat' dir='ltr'>stuporis</span> <span class='ocrx_word' id='word_1_98' title='bbox 1221 2287 1347 2362; x_wconf 89' lang='lat' dir='ltr'>oculos</span> <span class='ocrx_word' id='word_1_99' title='bbox 1367 2303 1476 2361; x_wconf 87' lang='lat' dir='ltr'>ater-</span> 
     </span>
     <span class='ocr_line' id='line_1_17' title="bbox 157 2409 1109 2510; baseline 0.001 -28"><span class='ocrx_word' id='word_1_100' title='bbox 157 2409 253 2482; x_wconf 89' lang='lat' dir='ltr'>rihili</span> <span class='ocrx_word' id='word_1_101' title='bbox 276 2415 443 2484; x_wconf 86' lang='lat' dir='ltr'>itinerum</span> <span class='ocrx_word' id='word_1_102' title='bbox 458 2437 607 2486; x_wconf 90' lang='lat' dir='ltr'>suorum</span> <span class='ocrx_word' id='word_1_103' title='bbox 628 2411 932 2510; x_wconf 82' lang='lat' dir='ltr'>contemplatione</span> <span class='ocrx_word' id='word_1_104' title='bbox 956 2409 1109 2483; x_wconf 77' lang='lat' dir='ltr'>deflexit</span> 
     </span>
    </p>

    <p class='ocr_par' dir='ltr' id='par_1_7' title="bbox 72 2531 1476 3616">
     <span class='ocr_line' id='line_1_18' title="bbox 261 2531 1474 2634; baseline 0.002 -31"><span class='ocrx_word' id='word_1_105' title='bbox 261 2533 433 2624; x_wconf 90' lang='lat' dir='ltr'>Quicum</span> <span class='ocrx_word' id='word_1_106' title='bbox 449 2557 471 2606; x_wconf 88' lang='lat' dir='ltr'>a</span> <span class='ocrx_word' id='word_1_107' title='bbox 485 2533 629 2609; x_wconf 88' lang='lat' dir='ltr'>Lokero</span> <span class='ocrx_word' id='word_1_108' title='bbox 647 2553 776 2634; x_wconf 90' lang='lat' dir='ltr'>captus</span> <span class='ocrx_word' id='word_1_109' title='bbox 800 2559 945 2608; x_wconf 89' lang='lat' dir='ltr'>omnem</span> <span class='ocrx_word' id='word_1_110' title='bbox 960 2531 1203 2632; x_wconf 74' lang='lat' dir='ltr'>praedictionis</span> <span class='ocrx_word' id='word_1_111' title='bbox 1219 2545 1388 2607; x_wconf 84' lang='lat' dir='ltr'>eventum</span> <span class='ocrx_word' id='word_1_112' title='bbox 1398 2559 1474 2605; x_wconf 90' lang='lat' dir='ltr'>cer·</span> 
     </span>
     <span class='ocr_line' id='line_1_19' title="bbox 156 2639 1476 2756; baseline 0 -28"><span class='ocrx_word' id='word_1_113' title='bbox 156 2657 303 2728; x_wconf 87' lang='lat' dir='ltr'>tissimis</span> <span class='ocrx_word' id='word_1_114' title='bbox 320 2681 442 2728; x_wconf 87' lang='lat' dir='ltr'>rerum</span> <span class='ocrx_word' id='word_1_115' title='bbox 467 2661 716 2756; x_wconf 83' lang='lat' dir='ltr'>experimentis</span> <span class='ocrx_word' id='word_1_116' title='bbox 733 2659 828 2731; x_wconf 85' lang='lat' dir='ltr'>eirca</span> <span class='ocrx_word' id='word_1_117' title='bbox 848 2683 887 2731; x_wconf 91' lang='lat' dir='ltr'>se</span> <span class='ocrx_word' id='word_1_118' title='bbox 908 2672 1095 2756; x_wconf 88' lang='lat' dir='ltr'>peractum</span> <span class='ocrx_word' id='word_1_119' title='bbox 1118 2657 1306 2747; x_wconf 87' lang='lat' dir='ltr'>sensisset,</span> <span class='ocrx_word' id='word_1_120' title='bbox 1325 2639 1476 2728; x_wconf 86' lang='lat' dir='ltr'>Handu-</span> 
     </span>
     <span class='ocr_line' id='line_1_20' title="bbox 158 2776 1474 2880; baseline 0 -30"><span class='ocrx_word' id='word_1_121' title='bbox 158 2803 305 2870; x_wconf 83' lang='lat' dir='ltr'>vanum,</span> <span class='ocrx_word' id='word_1_122' title='bbox 320 2776 546 2877; x_wconf 86' lang='lat' dir='ltr'>Hellesponti</span> <span class='ocrx_word' id='word_1_123' title='bbox 560 2783 720 2880; x_wconf 83' lang='lat' dir='ltr'>regem³,</span> <span class='ocrx_word' id='word_1_124' title='bbox 744 2779 843 2879; x_wconf 90' lang='lat' dir='ltr'>apud</span> <span class='ocrx_word' id='word_1_125' title='bbox 861 2780 1005 2853; x_wconf 90' lang='lat' dir='ltr'>Dunam</span> <span class='ocrx_word' id='word_1_126' title='bbox 1028 2779 1169 2871; x_wconf 90' lang='lat' dir='ltr'>urbem,</span> <span class='ocrx_word' id='word_1_127' title='bbox 1194 2779 1334 2853; x_wconf 89' lang='lat' dir='ltr'>invictis</span> <span class='ocrx_word' id='word_1_128' title='bbox 1351 2805 1474 2851; x_wconf 91' lang='lat' dir='ltr'>muro·</span> 
     </span>
     <span class='ocr_line' id='line_1_21' title="bbox 158 2899 1473 3002; baseline 0.001 -30"><span class='ocrx_word' id='word_1_129' title='bbox 158 2927 239 2972; x_wconf 85' lang='lat' dir='ltr'>rum</span> <span class='ocrx_word' id='word_1_130' title='bbox 253 2899 431 3000; x_wconf 74' lang='lat' dir='ltr'>praesidiis</span> <span class='ocrx_word' id='word_1_131' title='bbox 445 2899 617 2976; x_wconf 84' lang='lat' dir='ltr'>vallatum</span> <span class='ocrx_word' id='word_1_132' title='bbox 633 2903 900 3002; x_wconf 86' lang='lat' dir='ltr'>moenibusque,</span> <span class='ocrx_word' id='word_1_133' title='bbox 915 2927 987 2975; x_wconf 92' lang='lat' dir='ltr'>non</span> <span class='ocrx_word' id='word_1_134' title='bbox 1013 2903 1100 2995; x_wconf 90' lang='lat' dir='ltr'>acie,</span> <span class='ocrx_word' id='word_1_135' title='bbox 1115 2901 1372 2992; x_wconf 79' lang='lat' dir='ltr'>resistentem⁴,</span> <span class='ocrx_word' id='word_1_136' title='bbox 1395 2900 1473 2973; x_wconf 90' lang='lat' dir='ltr'>bel-</span> 
     </span>
     <span class='ocr_line' id='line_1_22' title="bbox 158 3012 1472 3126; baseline 0 -32"><span class='ocrx_word' id='word_1_137' title='bbox 158 3023 194 3096; x_wconf 91' lang='lat' dir='ltr'>lo</span> <span class='ocrx_word' id='word_1_138' title='bbox 210 3038 399 3122; x_wconf 86' lang='lat' dir='ltr'>pertentat.</span> <span class='ocrx_word' id='word_1_139' title='bbox 451 3012 615 3119; x_wconf 86' lang='lat' dir='ltr'>Quorum</span> <span class='ocrx_word' id='word_1_140' title='bbox 632 3024 772 3124; x_wconf 86' lang='lat' dir='ltr'>fastigio</span> <span class='ocrx_word' id='word_1_141' title='bbox 788 3031 1068 3126; x_wconf 84' lang='lat' dir='ltr'>oppugnationis</span> <span class='ocrx_word' id='word_1_142' title='bbox 1091 3022 1228 3097; x_wconf 87' lang='lat' dir='ltr'>aditum</span> <span class='ocrx_word' id='word_1_143' title='bbox 1245 3019 1472 3124; x_wconf 86' lang='lat' dir='ltr'>prohibente,</span> 
     </span>
     <span class='ocr_line' id='line_1_23' title="bbox 111 3141 1472 3246; baseline 0 -29"><span class='ocrx_word' id='word_1_144' title='bbox 111 3141 121 3160; x_wconf 75' lang='lat'><em>⁶</em></span> <span class='ocrx_word' id='word_1_145' title='bbox 153 3145 289 3220; x_wconf 88' lang='lat' dir='ltr'>diversi</span> <span class='ocrx_word' id='word_1_146' title='bbox 315 3147 456 3246; x_wconf 84' lang='lat' dir='ltr'>generis</span> <span class='ocrx_word' id='word_1_147' title='bbox 481 3171 566 3221; x_wconf 84' lang='lat' dir='ltr'>aves</span> <span class='ocrx_word' id='word_1_148' title='bbox 590 3149 661 3222; x_wconf 90' lang='lat' dir='ltr'>loci</span> <span class='ocrx_word' id='word_1_149' title='bbox 688 3147 783 3223; x_wconf 90' lang='lat' dir='ltr'>illius</span> <span class='ocrx_word' id='word_1_150' title='bbox 816 3145 1004 3223; x_wconf 88' lang='lat' dir='ltr'>domiciliis</span> <span class='ocrx_word' id='word_1_151' title='bbox 1027 3146 1206 3222; x_wconf 76' lang='lat' dir='ltr'>assuetas⁵</span> <span class='ocrx_word' id='word_1_152' title='bbox 1236 3171 1305 3244; x_wconf 87' lang='lat' dir='ltr'>per</span> <span class='ocrx_word' id='word_1_153' title='bbox 1328 3147 1472 3245; x_wconf 89' lang='lat' dir='ltr'>aucupii</span> 
     </span>
     <span class='ocr_line' id='line_1_24' title="bbox 156 3265 1474 3374; baseline -0.002 -34"><span class='ocrx_word' id='word_1_154' title='bbox 156 3271 294 3366; x_wconf 88' lang='lat' dir='ltr'>peritos</span> <span class='ocrx_word' id='word_1_155' title='bbox 310 3267 439 3368; x_wconf 88' lang='lat' dir='ltr'>prendi</span> <span class='ocrx_word' id='word_1_156' title='bbox 454 3270 578 3369; x_wconf 87' lang='lat' dir='ltr'>jussit,</span> <span class='ocrx_word' id='word_1_157' title='bbox 595 3293 794 3370; x_wconf 87' lang='lat' dir='ltr'>earumque</span> <span class='ocrx_word' id='word_1_158' title='bbox 813 3274 942 3374; x_wconf 75' lang='lat' dir='ltr'>pennis</span> <span class='ocrx_word' id='word_1_159' title='bbox 965 3293 1137 3343; x_wconf 87' lang='lat' dir='ltr'>accensos</span> <span class='ocrx_word' id='word_1_160' title='bbox 1152 3275 1234 3369; x_wconf 83' lang='lat' dir='ltr'>igne</span> <span class='ocrx_word' id='word_1_161' title='bbox 1249 3267 1382 3367; x_wconf 83' lang='lat' dir='ltr'>fungos</span> <span class='ocrx_word' id='word_1_162' title='bbox 1396 3265 1474 3341; x_wconf 90' lang='lat' dir='ltr'>sus-</span> 
     </span>
     <span class='ocr_line' id='line_1_25' title="bbox 72 3385 1473 3493; baseline 0 -30"><span class='ocrx_word' id='word_1_163' title='bbox 72 3385 76 3398; x_wconf 83' lang='lat'><em>&#39;</em></span> <span class='ocrx_word' id='word_1_164' title='bbox 155 3391 219 3490; x_wconf 79' lang='lat' dir='ltr'>ligi</span> <span class='ocrx_word' id='word_1_165' title='bbox 234 3395 393 3486; x_wconf 84' lang='lat' dir='ltr'>curavit;</span> <span class='ocrx_word' id='word_1_166' title='bbox 409 3417 492 3490; x_wconf 79' lang='lat' dir='ltr'>qua·</span> <span class='ocrx_word' id='word_1_167' title='bbox 512 3398 662 3493; x_wconf 85' lang='lat' dir='ltr'>propria</span> <span class='ocrx_word' id='word_1_168' title='bbox 684 3391 852 3468; x_wconf 89' lang='lat' dir='ltr'>nidorum</span> <span class='ocrx_word' id='word_1_169' title='bbox 869 3392 1026 3492; x_wconf 88' lang='lat' dir='ltr'>hospitia</span> <span class='ocrx_word' id='word_1_170' title='bbox 1047 3407 1249 3490; x_wconf 87' lang='lat' dir='ltr'>repetentes</span> <span class='ocrx_word' id='word_1_171' title='bbox 1270 3391 1402 3463; x_wconf 86' lang='lat' dir='ltr'>urbem</span> <span class='ocrx_word' id='word_1_172' title='bbox 1420 3395 1473 3463; x_wconf 93' lang='lat' dir='ltr'>in·</span> 
     </span>
     <span class='ocr_line' id='line_1_26' title="bbox 153 3511 1472 3616; baseline 0.003 -30"><span class='ocrx_word' id='word_1_173' title='bbox 153 3511 286 3588; x_wconf 88' lang='lat' dir='ltr'>cendio</span> <span class='ocrx_word' id='word_1_174' title='bbox 307 3511 552 3614; x_wconf 84' lang='lat' dir='ltr'>complevere.</span> <span class='ocrx_word' id='word_1_175' title='bbox 626 3517 740 3615; x_wconf 84' lang='lat' dir='ltr'>Cujus</span> <span class='ocrx_word' id='word_1_176' title='bbox 769 3515 995 3616; x_wconf 80' lang='lat' dir='ltr'>extinguendi</span> <span class='ocrx_word' id='word_1_177' title='bbox 1029 3518 1144 3615; x_wconf 80' lang='lat' dir='ltr'>gratia</span> <span class='ocrx_word' id='word_1_178' title='bbox 1172 3513 1472 3606; x_wconf 85' lang='lat' dir='ltr'>concurrentibus</span> 
     </span>
    </p>
   </div>
   <div class='ocr_carea' id='block_1_6' title="bbox 153 3837 1470 4355">
    <p class='ocr_par' dir='ltr' id='par_1_8' title="bbox 153 3837 1470 4355">
     <span class='ocr_line' id='line_1_27' title="bbox 203 3837 1470 3930; baseline -0.002 -26"><span class='ocrx_word' id='word_1_179' title='bbox 203 3847 317 3904; x_wconf 82' lang='lat' dir='ltr'>¹Ferro</span> <span class='ocrx_word' id='word_1_180' title='bbox 343 3847 448 3904; x_wconf 69' lang='lat' dir='ltr'>runem</span> <span class='ocrx_word' id='word_1_181' title='bbox 467 3839 601 3930; x_wconf 74' lang='lat' dir='ltr'>paterni]</span> <span class='ocrx_word' id='word_1_182' title='bbox 621 3839 784 3925; x_wconf 76' lang='lat' dir='ltr'>Stephani-</span> <span class='ocrx_word' id='word_1_183' title='bbox 846 3852 925 3902; x_wconf 78' lang='lat' dir='ltr'>tasse</span> <span class='ocrx_word' id='word_1_184' title='bbox 945 3837 1074 3902; x_wconf 78' lang='lat' dir='ltr'>videtur.</span> <span class='ocrx_word' id='word_1_185' title='bbox 1127 3841 1174 3902; x_wconf 86' lang='lat' dir='ltr'>lle</span> <span class='ocrx_word' id='word_1_186' title='bbox 1196 3839 1255 3904; x_wconf 85' lang='lat' dir='ltr'>hoc</span> <span class='ocrx_word' id='word_1_187' title='bbox 1279 3837 1470 3926; x_wconf 69' lang='lat' dir='ltr'>cepolatitis·</span> 
     </span>
     <span class='ocr_line' id='line_1_28' title="bbox 154 3945 1243 4036; baseline -0.002 -26"><span class='ocrx_word' id='word_1_188' title='bbox 154 3971 189 4012; x_wconf 88' lang='lat' dir='ltr'>us</span> <span class='ocrx_word' id='word_1_189' title='bbox 216 3948 369 4012; x_wconf 80' lang='lat' dir='ltr'>existimat</span> <span class='ocrx_word' id='word_1_190' title='bbox 389 3955 508 4036; x_wconf 81' lang='lat' dir='ltr'>potenti</span> <span class='ocrx_word' id='word_1_191' title='bbox 536 3946 698 4032; x_wconf 78' lang='lat' dir='ltr'>legendum</span> <span class='ocrx_word' id='word_1_192' title='bbox 720 3967 784 4008; x_wconf 87' lang='lat' dir='ltr'>esse</span> <span class='ocrx_word' id='word_1_193' title='bbox 847 3946 893 4008; x_wconf 86' lang='lat' dir='ltr'>nis</span> <span class='ocrx_word' id='word_1_194' title='bbox 912 3965 1024 4030; x_wconf 74' lang='lat' dir='ltr'>genere</span> <span class='ocrx_word' id='word_1_195' title='bbox 1040 3945 1101 4009; x_wconf 78' lang='lat' dir='ltr'>vid.</span> <span class='ocrx_word' id='word_1_196' title='bbox 1115 3959 1178 4008; x_wconf 91' lang='lat' dir='ltr'>not.</span> <span class='ocrx_word' id='word_1_197' title='bbox 1192 3945 1243 4008; x_wconf 85' lang='lat' dir='ltr'>ab.</span> 
     </span>
     <span class='ocr_line' id='line_1_29' title="bbox 154 4047 1467 4142; baseline -0.005 -26"><span class='ocrx_word' id='word_1_198' title='bbox 154 4077 214 4138; x_wconf 81' lang='lat' dir='ltr'>pto</span> <span class='ocrx_word' id='word_1_199' title='bbox 225 4061 354 4140; x_wconf 79' lang='lat' dir='ltr'>patenti.</span> <span class='ocrx_word' id='word_1_200' title='bbox 394 4054 455 4119; x_wconf 80' lang='lat' dir='ltr'>Sed</span> <span class='ocrx_word' id='word_1_201' title='bbox 464 4075 573 4142; x_wconf 84' lang='lat' dir='ltr'>potens</span> <span class='ocrx_word' id='word_1_202' title='bbox 584 4053 634 4116; x_wconf 83' lang='lat' dir='ltr'>hic</span> <span class='ocrx_word' id='word_1_203' title='bbox 649 4051 784 4136; x_wconf 81' lang='lat' dir='ltr'>positum</span> <span class='ocrx_word' id='word_1_204' title='bbox 896 4056 1138 4116; x_wconf 76' lang='lat' dir='ltr'>’Handuoonum</span> <span class='ocrx_word' id='word_1_205' title='bbox 1161 4055 1346 4139; x_wconf 80' lang='lat' dir='ltr'>Hellesponti</span> <span class='ocrx_word' id='word_1_206' title='bbox 1358 4047 1467 4132; x_wconf 62' lang='grc' dir='ltr'>νομῆι]</span> 
     </span>
     <span class='ocr_line' id='line_1_30' title="bbox 153 4157 1212 4244; baseline -0.003 -22"><span class='ocrx_word' id='word_1_207' title='bbox 153 4180 218 4222; x_wconf 80' lang='lat' dir='ltr'>esse</span> <span class='ocrx_word' id='word_1_208' title='bbox 236 4157 357 4222; x_wconf 76' lang='lat' dir='ltr'>ridetur</span> <span class='ocrx_word' id='word_1_209' title='bbox 374 4183 434 4244; x_wconf 85' lang='lat' dir='ltr'>pro</span> <span class='ocrx_word' id='word_1_210' title='bbox 451 4160 534 4223; x_wconf 89' lang='lat' dir='ltr'>nudo</span> <span class='ocrx_word' id='word_1_211' title='bbox 553 4161 601 4223; x_wconf 82' lang='lat' dir='ltr'>vel</span> <span class='ocrx_word' id='word_1_212' title='bbox 614 4159 733 4224; x_wconf 85' lang='lat' dir='ltr'>stricto.</span> <span class='ocrx_word' id='word_1_213' title='bbox 845 4163 892 4222; x_wconf 84' lang='lat' dir='ltr'>De</span> <span class='ocrx_word' id='word_1_214' title='bbox 908 4179 945 4222; x_wconf 87' lang='lat' dir='ltr'>eo</span> <span class='ocrx_word' id='word_1_215' title='bbox 961 4157 1021 4222; x_wconf 78' lang='lat' dir='ltr'>sid.</span> <span class='ocrx_word' id='word_1_216' title='bbox 1040 4171 1104 4221; x_wconf 88' lang='lat' dir='ltr'>not.</span> <span class='ocrx_word' id='word_1_217' title='bbox 1127 4157 1212 4220; x_wconf 82' lang='lat' dir='ltr'>uber.</span> 
     </span>
     <span class='ocr_line' id='line_1_31' title="bbox 201 4259 1466 4355; baseline -0.006 -27"><span class='ocrx_word' id='word_1_218' title='bbox 201 4269 457 4352; x_wconf 78' lang='lat' dir='ltr'>²Corporeamqee</span> <span class='ocrx_word' id='word_1_219' title='bbox 477 4270 581 4355; x_wconf 82' lang='lat' dir='ltr'>dapem</span> <span class='ocrx_word' id='word_1_220' title='bbox 601 4267 784 4328; x_wconf 77' lang='lat' dir='ltr'>mordacibus</span> <span class='ocrx_word' id='word_1_221' title='bbox 821 4299 827 4316; x_wconf 79' lang='lat'><strong>·</strong></span> <span class='ocrx_word' id='word_1_222' title='bbox 892 4269 1180 4348; x_wconf 73' lang='lat' dir='ltr'>‘liunibusquenon</span> <span class='ocrx_word' id='word_1_223' title='bbox 1201 4271 1262 4326; x_wconf 83' lang='lat' dir='ltr'>acie</span> <span class='ocrx_word' id='word_1_224' title='bbox 1275 4259 1466 4340; x_wconf 61' lang='lat' dir='ltr'>annitentem]</span> 
     </span>
    </p>
   </div>
   <div class='ocr_carea' id='block_1_7' title="bbox 154 4365 1571 4454">
    <p class='ocr_par' dir='ltr' id='par_1_9' title="bbox 154 4365 1571 4454">
     <span class='ocr_line' id='line_1_32' title="bbox 154 4365 1571 4454; baseline -0.006 -18"><span class='ocrx_word' id='word_1_225' title='bbox 154 4371 369 4454; x_wconf 65' lang='lat' dir='ltr'>attentantis]</span> <span class='ocrx_word' id='word_1_226' title='bbox 390 4377 460 4436; x_wconf 86' lang='lat' dir='ltr'>Hoc</span> <span class='ocrx_word' id='word_1_227' title='bbox 481 4386 544 4452; x_wconf 86' lang='lat' dir='ltr'>est,</span> <span class='ocrx_word' id='word_1_228' title='bbox 574 4369 699 4436; x_wconf 77' lang='lat' dir='ltr'>mmede</span> <span class='ocrx_word' id='word_1_229' title='bbox 718 4391 784 4434; x_wconf 82' lang='lat' dir='ltr'>car·</span> <span class='ocrx_word' id='word_1_230' title='bbox 845 4377 941 4434; x_wconf 85' lang='lat' dir='ltr'>Recte</span> <span class='ocrx_word' id='word_1_231' title='bbox 956 4371 1073 4434; x_wconf 88' lang='lat' dir='ltr'>monuit</span> <span class='ocrx_word' id='word_1_232' title='bbox 1085 4369 1277 4453; x_wconf 75' lang='lat' dir='ltr'>Stephanisn,</span> <span class='ocrx_word' id='word_1_233' title='bbox 1291 4365 1342 4428; x_wconf 82' lang='lat' dir='ltr'>hie</span> <span class='ocrx_word' id='word_1_234' title='bbox 1364 4366 1467 4450; x_wconf 76' lang='lat' dir='ltr'>legen·</span> <span class='ocrx_word' id='word_1_235' title='bbox 1566 4442 1571 4450; x_wconf 22' lang='grc' dir='ltr'><em>υ</em></span> 
     </span>
    </p>
   </div>
   <div class='ocr_carea' id='block_1_8' title="bbox 154 4472 1467 4878">
    <p class='ocr_par' dir='ltr' id='par_1_10' title="bbox 154 4472 1467 4878">
     <span class='ocr_line' id='line_1_33' title="bbox 155 4472 1467 4562; baseline -0.002 -23"><span class='ocrx_word' id='word_1_236' title='bbox 155 4502 224 4542; x_wconf 83' lang='lat' dir='ltr'>nem</span> <span class='ocrx_word' id='word_1_237' title='bbox 253 4478 391 4562; x_wconf 84' lang='lat' dir='ltr'>ejusdem</span> <span class='ocrx_word' id='word_1_238' title='bbox 420 4479 535 4556; x_wconf 84' lang='lat' dir='ltr'>leonis,</span> <span class='ocrx_word' id='word_1_239' title='bbox 579 4478 665 4562; x_wconf 85' lang='lat' dir='ltr'>eujus</span> <span class='ocrx_word' id='word_1_240' title='bbox 691 4475 783 4540; x_wconf 88' lang='lat' dir='ltr'>modo</span> <span class='ocrx_word' id='word_1_241' title='bbox 846 4475 919 4538; x_wconf 89' lang='lat' dir='ltr'>dum</span> <span class='ocrx_word' id='word_1_242' title='bbox 933 4497 997 4538; x_wconf 87' lang='lat' dir='ltr'>esse</span> <span class='ocrx_word' id='word_1_243' title='bbox 1014 4501 1072 4538; x_wconf 85' lang='lat' dir='ltr'>non</span> <span class='ocrx_word' id='word_1_244' title='bbox 1095 4479 1156 4537; x_wconf 74' lang='lat' dir='ltr'>ncae&#39;e</span> <span class='ocrx_word' id='word_1_245' title='bbox 1175 4493 1234 4557; x_wconf 85' lang='lat' dir='ltr'>pro</span> <span class='ocrx_word' id='word_1_246' title='bbox 1257 4477 1382 4535; x_wconf 70' lang='lat' dir='ltr'>novetur</span> <span class='ocrx_word' id='word_1_247' title='bbox 1404 4472 1467 4536; x_wconf 88' lang='lat' dir='ltr'>edi-</span> 
     </span>
     <span class='ocr_line' id='line_1_34' title="bbox 154 4576 1466 4669; baseline -0.005 -21"><span class='ocrx_word' id='word_1_248' title='bbox 154 4585 332 4669; x_wconf 77' lang='lat' dir='ltr'>taogvinena</span> <span class='ocrx_word' id='word_1_249' title='bbox 353 4583 487 4648; x_wconf 66' lang='lat' dir='ltr'>lauanti.</span> <span class='ocrx_word' id='word_1_250' title='bbox 504 4581 553 4665; x_wconf 85' lang='lat' dir='ltr'>(S)</span> <span class='ocrx_word' id='word_1_251' title='bbox 577 4583 676 4648; x_wconf 78' lang='lat' dir='ltr'>Autor</span> <span class='ocrx_word' id='word_1_252' title='bbox 690 4581 786 4665; x_wconf 86' lang='lat' dir='ltr'>inpri-</span> <span class='ocrx_word' id='word_1_253' title='bbox 846 4583 937 4646; x_wconf 83' lang='lat' dir='ltr'>tionis</span> <span class='ocrx_word' id='word_1_254' title='bbox 950 4579 1109 4666; x_wconf 87' lang='lat' dir='ltr'>principis,</span> <span class='ocrx_word' id='word_1_255' title='bbox 1129 4599 1197 4664; x_wconf 74' lang='lat' dir='ltr'>qun</span> <span class='ocrx_word' id='word_1_256' title='bbox 1221 4599 1279 4642; x_wconf 88' lang='lat' dir='ltr'>vox</span> <span class='ocrx_word' id='word_1_257' title='bbox 1300 4576 1390 4640; x_wconf 90' lang='lat' dir='ltr'>nihili</span> <span class='ocrx_word' id='word_1_258' title='bbox 1413 4592 1466 4642; x_wconf 84' lang='lat' dir='ltr'>est.</span> 
     </span>
     <span class='ocr_line' id='line_1_35' title="bbox 155 4685 1467 4774; baseline -0.005 -20"><span class='ocrx_word' id='word_1_259' title='bbox 155 4691 212 4754; x_wconf 84' lang='lat' dir='ltr'>mis</span> <span class='ocrx_word' id='word_1_260' title='bbox 227 4691 266 4753; x_wconf 83' lang='lat' dir='ltr'>‹lc</span> <span class='ocrx_word' id='word_1_261' title='bbox 280 4689 385 4768; x_wconf 74' lang='lat' dir='ltr'>cattle,</span> <span class='ocrx_word' id='word_1_262' title='bbox 406 4689 491 4774; x_wconf 85' lang='lat' dir='ltr'>cujus</span> <span class='ocrx_word' id='word_1_263' title='bbox 506 4689 599 4754; x_wconf 80' lang='lat' dir='ltr'>libres</span> <span class='ocrx_word' id='word_1_264' title='bbox 613 4689 646 4752; x_wconf 89' lang='lat' dir='ltr'>in</span> <span class='ocrx_word' id='word_1_265' title='bbox 663 4699 782 4752; x_wconf 77' lang='lat' dir='ltr'>antece·</span> <span class='ocrx_word' id='word_1_266' title='bbox 890 4691 989 4750; x_wconf 75' lang='lat' dir='ltr'>’Aves</span> <span class='ocrx_word' id='word_1_267' title='bbox 1010 4689 1068 4748; x_wconf 81' lang='lat' dir='ltr'>luci</span> <span class='ocrx_word' id='word_1_268' title='bbox 1094 4687 1172 4747; x_wconf 75' lang='lat' dir='ltr'>tilius</span> <span class='ocrx_word' id='word_1_269' title='bbox 1199 4685 1351 4748; x_wconf 64' lang='lat' dir='ltr'>donandos</span> <span class='ocrx_word' id='word_1_270' title='bbox 1371 4711 1467 4748; x_wconf 81' lang='lat' dir='ltr'>assue-</span> 
     </span>
     <span class='ocr_line' id='line_1_36' title="bbox 157 4789 1467 4878; baseline -0.005 -20"><span class='ocrx_word' id='word_1_271' title='bbox 157 4797 248 4862; x_wconf 82' lang='lat' dir='ltr'>dcnto</span> <span class='ocrx_word' id='word_1_272' title='bbox 272 4796 424 4862; x_wconf 79' lang='lat' dir='ltr'>versiculo</span> <span class='ocrx_word' id='word_1_273' title='bbox 449 4794 675 4876; x_wconf 79' lang='lat' dir='ltr'>nominaverat,</span> <span class='ocrx_word' id='word_1_274' title='bbox 698 4791 782 4878; x_wconf 83' lang='lat' dir='ltr'>cogi·</span> <span class='ocrx_word' id='word_1_275' title='bbox 845 4789 905 4874; x_wconf 81' lang='lat' dir='ltr'>ras]</span> <span class='ocrx_word' id='word_1_276' title='bbox 921 4793 967 4854; x_wconf 86' lang='lat' dir='ltr'>De</span> <span class='ocrx_word' id='word_1_277' title='bbox 980 4789 1467 4877; x_wconf 72' lang='lat' dir='ltr'>hocstrntegematositlmotub.</span> 
     </span>
    </p>
   </div>
   <div class='ocr_carea' id='block_1_9' title="bbox 0 0 1785 5470">
    <p class='ocr_par' dir='ltr' id='par_1_11' title="bbox 0 0 1785 5470">
     <span class='ocr_line' id='line_1_37' title="bbox 0 0 1785 5470; baseline 0 0"><span class='ocrx_word' id='word_1_278' title='bbox 0 0 1785 5470; x_wconf 95' lang='lat' dir='ltr'> </span> 
     </span>
    </p>
   </div>
  </div>
 </body>
</html>
