<?xml version="1.0" encoding="UTF-8"?>
<!DOCTYPE html PUBLIC "-//W3C//DTD XHTML 1.0 Transitional//EN"
    "http://www.w3.org/TR/xhtml1/DTD/xhtml1-transitional.dtd">
<html xmlns="http://www.w3.org/1999/xhtml" xml:lang="en" lang="en">
 <head>
  <title>
</title>
<meta http-equiv="Content-Type" content="text/html;charset=utf-8" />
  <meta name='ocr-system' content='tesseract 3.04.00' />
  <meta name='ocr-capabilities' content='ocr_page ocr_carea ocr_par ocr_line ocrx_word'/>
</head>
<body>
  <div class='ocr_page' id='page_1' title='image "./historiadanica00velsgoog_0129.png"; bbox 0 0 3520 5462; ppageno 0'>
   <div class='ocr_carea' id='block_1_1' title="bbox 376 323 1242 436">
    <p class='ocr_par' dir='ltr' id='par_1_1' title="bbox 376 323 1242 436">
     <span class='ocr_line' id='line_1_1' title="bbox 376 323 1242 436; baseline -0.001 -38"><span class='ocrx_word' id='word_1_1' title='bbox 376 325 447 402; x_wconf 82' lang='lat' dir='ltr'>tos</span> <span class='ocrx_word' id='word_1_2' title='bbox 710 323 885 395; x_wconf 73' lang='lat' dir='ltr'>uncos.</span> <span class='ocrx_word' id='word_1_3' title='bbox 912 325 1016 398; x_wconf 81' lang='lat' dir='ltr'>om.</span> <span class='ocrx_word' id='word_1_4' title='bbox 1043 327 1180 436; x_wconf 79' lang='lat' dir='ltr'>moun</span> <span class='ocrx_word' id='word_1_5' title='bbox 1204 331 1242 398; x_wconf 92' lang='lat' dir='ltr'>n.</span> 
     </span>
    </p>
   </div>
   <div class='ocr_carea' id='block_1_2' title="bbox 453 533 1415 882">
    <p class='ocr_par' dir='ltr' id='par_1_2' title="bbox 453 533 1415 882">
     <span class='ocr_line' id='line_1_2' title="bbox 455 533 1365 641; baseline 0.004 -33"><span class='ocrx_word' id='word_1_6' title='bbox 455 535 516 608; x_wconf 83' lang='lat' dir='ltr'>Ad</span> <span class='ocrx_word' id='word_1_7' title='bbox 529 547 640 641; x_wconf 86' lang='lat' dir='ltr'>caput</span> <span class='ocrx_word' id='word_1_8' title='bbox 655 533 957 608; x_wconf 78' lang='lat' dir='ltr'>eso‘ncu&#39;morsizr</span> <span class='ocrx_word' id='word_1_9' title='bbox 977 535 1078 608; x_wconf 85' lang='lat' dir='ltr'>ducis</span> <span class='ocrx_word' id='word_1_10' title='bbox 1092 535 1250 629; x_wconf 69' lang='lat' dir='ltr'>obrius,</span> <span class='ocrx_word' id='word_1_11' title='bbox 1267 563 1313 613; x_wconf 88' lang='lat' dir='ltr'>uc</span> <span class='ocrx_word' id='word_1_12' title='bbox 1329 553 1365 612; x_wconf 85' lang='lat' dir='ltr'>tu</span> 
     </span>
     <span class='ocr_line' id='line_1_3' title="bbox 453 655 1327 764; baseline 0.008 -34"><span class='ocrx_word' id='word_1_13' title='bbox 453 655 623 758; x_wconf 73' lang='lat' dir='ltr'>Is&#39;jusdem</span> <span class='ocrx_word' id='word_1_14' title='bbox 629 655 785 763; x_wconf 73' lang='lat' dir='ltr'>pedibus</span> <span class='ocrx_word' id='word_1_15' title='bbox 802 657 987 734; x_wconf 69' lang='lat' dir='ltr'>moriendo</span> <span class='ocrx_word' id='word_1_16' title='bbox 1003 658 1163 734; x_wconf 78' lang='lat' dir='ltr'>aoabere</span> <span class='ocrx_word' id='word_1_17' title='bbox 1170 685 1327 764; x_wconf 74' lang='lat' dir='ltr'>pronus,</span> 
     </span>
     <span class='ocr_line' id='line_1_4' title="bbox 457 779 1415 882; baseline 0.004 -28"><span class='ocrx_word' id='word_1_18' title='bbox 457 786 503 854; x_wconf 83' lang='lat' dir='ltr'>Ut</span> <span class='ocrx_word' id='word_1_19' title='bbox 515 779 654 871; x_wconf 76' lang='lat' dir='ltr'>videar,</span> <span class='ocrx_word' id='word_1_20' title='bbox 668 779 830 882; x_wconf 81' lang='lat' dir='ltr'>quisquis</span> <span class='ocrx_word' id='word_1_21' title='bbox 844 795 1016 878; x_wconf 83' lang='lat' dir='ltr'>congesta</span> <span class='ocrx_word' id='word_1_22' title='bbox 1033 781 1225 857; x_wconf 79' lang='lat' dir='ltr'>cadavera</span> <span class='ocrx_word' id='word_1_23' title='bbox 1239 784 1386 875; x_wconf 80' lang='lat' dir='ltr'>lustrat,</span> <span class='ocrx_word' id='word_1_24' title='bbox 1413 783 1415 788; x_wconf 70' lang='grc'>’</span> 
     </span>
    </p>
   </div>
   <div class='ocr_carea' id='block_1_3' title="bbox 316 902 1628 3326">
    <p class='ocr_par' dir='ltr' id='par_1_3' title="bbox 451 902 1415 1253">
     <span class='ocr_line' id='line_1_5' title="bbox 457 902 1385 1006; baseline 0.002 -32"><span class='ocrx_word' id='word_1_25' title='bbox 457 903 620 1005; x_wconf 78' lang='lat' dir='ltr'><em>Qualiter</em></span> <span class='ocrx_word' id='word_1_26' title='bbox 635 918 821 1005; x_wconf 83' lang='lat' dir='ltr'>acceptum</span> <span class='ocrx_word' id='word_1_27' title='bbox 837 902 983 976; x_wconf 76' lang='lat' dir='ltr'>donuizo</span> <span class='ocrx_word' id='word_1_28' title='bbox 992 905 1230 1006; x_wconf 77' lang='lat' dir='ltr'>pensuoiuuss</span> <span class='ocrx_word' id='word_1_29' title='bbox 1245 931 1385 980; x_wconf 85' lang='lat' dir='ltr'>aurum.</span> 
     </span>
     <span class='ocr_line' id='line_1_6' title="bbox 451 1017 1415 1128; baseline -0.001 -27"><span class='ocrx_word' id='word_1_30' title='bbox 451 1026 586 1101; x_wconf 73' lang='lat' dir='ltr'>Praeda</span> <span class='ocrx_word' id='word_1_31' title='bbox 603 1027 733 1098; x_wconf 86' lang='lat' dir='ltr'>erimus</span> <span class='ocrx_word' id='word_1_32' title='bbox 747 1025 867 1099; x_wconf 84' lang='lat' dir='ltr'>corvis</span> <span class='ocrx_word' id='word_1_33' title='bbox 893 1024 1093 1126; x_wconf 66' lang='lat' dir='ltr'>equosque</span> <span class='ocrx_word' id='word_1_34' title='bbox 1106 1017 1301 1128; x_wconf 69' lang='lat' dir='ltr'>rapacibus</span> <span class='ocrx_word' id='word_1_35' title='bbox 1315 1053 1415 1118; x_wconf 85' lang='lat' dir='ltr'>esca,</span> 
     </span>
     <span class='ocr_line' id='line_1_7' title="bbox 455 1148 1338 1253; baseline 0.001 -33"><span class='ocrx_word' id='word_1_36' title='bbox 455 1155 494 1220; x_wconf 90' lang='lat' dir='ltr'><em>V</em></span> <span class='ocrx_word' id='word_1_37' title='bbox 489 1163 691 1249; x_wconf 77' lang='lat' dir='ltr'>escoturque</span> <span class='ocrx_word' id='word_1_38' title='bbox 704 1173 825 1222; x_wconf 71' lang='lat' dir='ltr'>vor-uc</span> <span class='ocrx_word' id='word_1_39' title='bbox 842 1149 961 1221; x_wconf 86' lang='lat' dir='ltr'>nostri</span> <span class='ocrx_word' id='word_1_40' title='bbox 968 1148 1064 1250; x_wconf 83' lang='lat' dir='ltr'>dupe</span> <span class='ocrx_word' id='word_1_41' title='bbox 1079 1151 1239 1253; x_wconf 83' lang='lat' dir='ltr'>corporis</span> <span class='ocrx_word' id='word_1_42' title='bbox 1253 1150 1338 1223; x_wconf 88' lang='lat' dir='ltr'>oles.</span> 
     </span>
    </p>

    <p class='ocr_par' dir='ltr' id='par_1_4' title="bbox 334 1271 1394 1495">
     <span class='ocr_line' id='line_1_8' title="bbox 334 1271 1394 1373; baseline 0.001 -29"><span class='ocrx_word' id='word_1_43' title='bbox 334 1345 341 1362; x_wconf 76' lang='grc'><em>,</em></span> <span class='ocrx_word' id='word_1_44' title='bbox 455 1271 515 1344; x_wconf 82' lang='lat' dir='ltr'>Sic</span> <span class='ocrx_word' id='word_1_45' title='bbox 530 1271 617 1346; x_wconf 75' lang='lat' dir='ltr'>belb-</span> <span class='ocrx_word' id='word_1_46' title='bbox 628 1271 822 1373; x_wconf 66' lang='lat' dir='ltr'>intrepidos</span> <span class='ocrx_word' id='word_1_47' title='bbox 832 1295 1000 1372; x_wconf 81' lang='lat' dir='ltr'><strong><em>proceres</em></strong></span> <span class='ocrx_word' id='word_1_48' title='bbox 1015 1272 1219 1350; x_wconf 86' lang='lat' dir='ltr'>occumbere</span> <span class='ocrx_word' id='word_1_49' title='bbox 1233 1298 1313 1372; x_wconf 85' lang='lat' dir='ltr'>por</span> <span class='ocrx_word' id='word_1_50' title='bbox 1328 1289 1394 1360; x_wconf 84' lang='lat' dir='ltr'>est,</span> 
     </span>
     <span class='ocr_line' id='line_1_9' title="bbox 453 1393 1257 1495; baseline 0 -29"><span class='ocrx_word' id='word_1_51' title='bbox 453 1395 629 1468; x_wconf 81' lang='lat' dir='ltr'>Illustrem</span> <span class='ocrx_word' id='word_1_52' title='bbox 642 1393 739 1468; x_wconf 75' lang='lat' dir='ltr'>soccis</span> <span class='ocrx_word' id='word_1_53' title='bbox 753 1395 957 1495; x_wconf 78' lang='lat' dir='ltr'>complexos</span> <span class='ocrx_word' id='word_1_54' title='bbox 965 1393 1106 1493; x_wconf 84' lang='lat' dir='ltr'>funere</span> <span class='ocrx_word' id='word_1_55' title='bbox 1128 1418 1257 1493; x_wconf 79' lang='lat' dir='ltr'>regem</span> 
     </span>
    </p>

    <p class='ocr_par' dir='ltr' id='par_1_5' title="bbox 320 1515 1628 1984">
     <span class='ocr_line' id='line_1_10' title="bbox 424 1515 1628 1593; baseline -0.004 -3"><span class='ocrx_word' id='word_1_56' title='bbox 424 1520 525 1590; x_wconf 84' lang='lat' dir='ltr'>Hanc</span> <span class='ocrx_word' id='word_1_57' title='bbox 550 1523 702 1589; x_wconf 80' lang='lat' dir='ltr'>maxime</span> <span class='ocrx_word' id='word_1_58' title='bbox 728 1515 1012 1591; x_wconf 78' lang='lat' dir='ltr'>exhortationum</span> <span class='ocrx_word' id='word_1_59' title='bbox 1041 1519 1169 1590; x_wconf 89' lang='lat' dir='ltr'>seriem</span> <span class='ocrx_word' id='word_1_60' title='bbox 1192 1515 1305 1593; x_wconf 90' lang='lat' dir='ltr'>idciro</span> <span class='ocrx_word' id='word_1_61' title='bbox 1329 1523 1474 1593; x_wconf 81' lang='lat' dir='ltr'>metrica</span> <span class='ocrx_word' id='word_1_62' title='bbox 1491 1516 1628 1589; x_wconf 79' lang='lat' dir='ltr'>ratione</span> 
     </span>
     <span class='ocr_line' id='line_1_11' title="bbox 324 1637 1625 1741; baseline -0.006 -27"><span class='ocrx_word' id='word_1_63' title='bbox 324 1643 605 1741; x_wconf 58' lang='lat' dir='ltr'>conquegcn&#39;m‘,</span> <span class='ocrx_word' id='word_1_64' title='bbox 630 1639 732 1739; x_wconf 93' lang='lat' dir='ltr'>quod</span> <span class='ocrx_word' id='word_1_65' title='bbox 766 1637 962 1712; x_wconf 84' lang='lat' dir='ltr'>earundem</span> <span class='ocrx_word' id='word_1_66' title='bbox 994 1644 1247 1713; x_wconf 81' lang='lat' dir='ltr'>sententiarum</span> <span class='ocrx_word' id='word_1_67' title='bbox 1277 1639 1474 1714; x_wconf 88' lang='lat' dir='ltr'>intellectus</span> <span class='ocrx_word' id='word_1_68' title='bbox 1500 1638 1625 1710; x_wconf 84' lang='lat' dir='ltr'>Donici</span> 
     </span>
     <span class='ocr_line' id='line_1_12' title="bbox 321 1757 1626 1862; baseline -0.008 -24"><span class='ocrx_word' id='word_1_69' title='bbox 321 1761 509 1862; x_wconf 83' lang='lat' dir='ltr'>cujusdam</span> <span class='ocrx_word' id='word_1_70' title='bbox 532 1761 696 1834; x_wconf 80' lang='lat' dir='ltr'><strong>carminis</strong></span> <span class='ocrx_word' id='word_1_71' title='bbox 720 1759 933 1860; x_wconf 89' lang='lat' dir='ltr'>compendio</span> <span class='ocrx_word' id='word_1_72' title='bbox 961 1757 1118 1860; x_wconf 88' lang='lat' dir='ltr'>digestus</span> <span class='ocrx_word' id='word_1_73' title='bbox 1144 1785 1164 1830; x_wconf 88' lang='lat' dir='ltr'>n</span> <span class='ocrx_word' id='word_1_74' title='bbox 1196 1759 1442 1859; x_wconf 80' lang='lat' dir='ltr'><strong>compluribus</strong></span> <span class='ocrx_word' id='word_1_75' title='bbox 1465 1763 1626 1858; x_wconf 86' lang='lat' dir='ltr'>untiqui-</span> 
     </span>
     <span class='ocr_line' id='line_1_13' title="bbox 320 1885 976 1984; baseline -0.009 -26"><span class='ocrx_word' id='word_1_76' title='bbox 320 1889 399 1960; x_wconf 81' lang='lat' dir='ltr'>tatis</span> <span class='ocrx_word' id='word_1_77' title='bbox 417 1885 538 1984; x_wconf 86' lang='lat' dir='ltr'>peritis</span> <span class='ocrx_word' id='word_1_78' title='bbox 554 1888 757 1955; x_wconf 82' lang='lat' dir='ltr'>memoriter</span> <span class='ocrx_word' id='word_1_79' title='bbox 771 1898 976 1980; x_wconf 84' lang='lat' dir='ltr'>usurpatur.</span> 
     </span>
    </p>

    <p class='ocr_par' dir='ltr' id='par_1_6' title="bbox 319 2000 1628 2690">
     <span class='ocr_line' id='line_1_14' title="bbox 423 2000 1626 2104; baseline -0.001 -28"><span class='ocrx_word' id='word_1_80' title='bbox 423 2006 578 2104; x_wconf 86' lang='lat' dir='ltr'>Contigit</span> <span class='ocrx_word' id='word_1_81' title='bbox 593 2020 723 2095; x_wconf 82' lang='lat' dir='ltr'>autem,</span> <span class='ocrx_word' id='word_1_82' title='bbox 740 2006 859 2101; x_wconf 87' lang='lat' dir='ltr'>potitis</span> <span class='ocrx_word' id='word_1_83' title='bbox 874 2008 1021 2078; x_wconf 86' lang='lat' dir='ltr'>victoria</span> <span class='ocrx_word' id='word_1_84' title='bbox 1032 2000 1170 2092; x_wconf 89' lang='lat' dir='ltr'>Gothis,</span> <span class='ocrx_word' id='word_1_85' title='bbox 1186 2029 1292 2080; x_wconf 86' lang='lat' dir='ltr'>omne</span> <span class='ocrx_word' id='word_1_86' title='bbox 1309 2004 1479 2082; x_wconf 83' lang='lat' dir='ltr'>Rolvonis</span> <span class='ocrx_word' id='word_1_87' title='bbox 1495 2027 1626 2103; x_wconf 81' lang='lat' dir='ltr'>agmen</span> 
     </span>
     <span class='ocr_line' id='line_1_15' title="bbox 320 2127 1626 2228; baseline -0.007 -25"><span class='ocrx_word' id='word_1_88' title='bbox 320 2127 558 2216; x_wconf 87' lang='lat' dir='ltr'>occumbere,</span> <span class='ocrx_word' id='word_1_89' title='bbox 581 2129 844 2224; x_wconf 88' lang='lat' dir='ltr'>neminemque,</span> <span class='ocrx_word' id='word_1_90' title='bbox 877 2142 1026 2224; x_wconf 86' lang='lat' dir='ltr'>excepto</span> <span class='ocrx_word' id='word_1_91' title='bbox 1056 2127 1228 2224; x_wconf 81' lang='lat' dir='ltr'>Viggone,</span> <span class='ocrx_word' id='word_1_92' title='bbox 1255 2153 1297 2202; x_wconf 85' lang='lat' dir='ltr'>ex</span> <span class='ocrx_word' id='word_1_93' title='bbox 1319 2143 1414 2202; x_wconf 78' lang='lat' dir='ltr'>tantu</span> <span class='ocrx_word' id='word_1_94' title='bbox 1437 2130 1626 2228; x_wconf 82' lang='lat' dir='ltr'>juventute</span> 
     </span>
     <span class='ocr_line' id='line_1_16' title="bbox 319 2247 1628 2350; baseline -0.005 -26"><span class='ocrx_word' id='word_1_95' title='bbox 319 2247 505 2324; x_wconf 85' lang='lat' dir='ltr'>residuum</span> <span class='ocrx_word' id='word_1_96' title='bbox 528 2247 617 2322; x_wconf 84' lang='lat' dir='ltr'>lore.</span> <span class='ocrx_word' id='word_1_97' title='bbox 690 2249 843 2320; x_wconf 80' lang='lat' dir='ltr'>Tantum</span> <span class='ocrx_word' id='word_1_98' title='bbox 866 2251 959 2320; x_wconf 86' lang='lat' dir='ltr'>enirn</span> <span class='ocrx_word' id='word_1_99' title='bbox 983 2247 1282 2324; x_wconf 80' lang='lat' dir='ltr'>excellentissimis</span> <span class='ocrx_word' id='word_1_100' title='bbox 1308 2257 1402 2350; x_wconf 86' lang='lat' dir='ltr'>regis</span> <span class='ocrx_word' id='word_1_101' title='bbox 1423 2249 1557 2321; x_wconf 78' lang='lat' dir='ltr'>meritis</span> <span class='ocrx_word' id='word_1_102' title='bbox 1581 2269 1628 2317; x_wconf 81' lang='lat' dir='ltr'>en</span> 
     </span>
     <span class='ocr_line' id='line_1_17' title="bbox 320 2368 1624 2472; baseline -0.004 -29"><span class='ocrx_word' id='word_1_103' title='bbox 320 2395 443 2472; x_wconf 84' lang='lat' dir='ltr'>pugna</span> <span class='ocrx_word' id='word_1_104' title='bbox 465 2395 487 2443; x_wconf 81' lang='lat' dir='ltr'>a</span> <span class='ocrx_word' id='word_1_105' title='bbox 506 2369 677 2444; x_wconf 87' lang='lat' dir='ltr'>militibus</span> <span class='ocrx_word' id='word_1_106' title='bbox 702 2368 878 2442; x_wconf 86' lang='lat' dir='ltr'>tributum</span> <span class='ocrx_word' id='word_1_107' title='bbox 902 2385 965 2461; x_wconf 90' lang='lat' dir='ltr'>est,</span> <span class='ocrx_word' id='word_1_108' title='bbox 990 2385 1030 2444; x_wconf 91' lang='lat' dir='ltr'>ut</span> <span class='ocrx_word' id='word_1_109' title='bbox 1045 2372 1157 2469; x_wconf 89' lang='lat' dir='ltr'>ipsius</span> <span class='ocrx_word' id='word_1_110' title='bbox 1174 2369 1291 2446; x_wconf 87' lang='lat' dir='ltr'>caedes</span> <span class='ocrx_word' id='word_1_111' title='bbox 1317 2369 1483 2445; x_wconf 86' lang='lat' dir='ltr'>omnibus</span> <span class='ocrx_word' id='word_1_112' title='bbox 1499 2391 1624 2467; x_wconf 89' lang='lat' dir='ltr'>oppe-</span> 
     </span>
     <span class='ocr_line' id='line_1_18' title="bbox 319 2489 1625 2594; baseline -0.005 -27"><span class='ocrx_word' id='word_1_113' title='bbox 319 2492 437 2568; x_wconf 85' lang='lat' dir='ltr'>tendec</span> <span class='ocrx_word' id='word_1_114' title='bbox 459 2497 581 2565; x_wconf 89' lang='lat' dir='ltr'>mortis</span> <span class='ocrx_word' id='word_1_115' title='bbox 596 2489 828 2590; x_wconf 84' lang='lat' dir='ltr'>cupiditatem</span> <span class='ocrx_word' id='word_1_116' title='bbox 843 2496 1076 2590; x_wconf 83' lang='lat' dir='ltr'>ingeneraret,</span> <span class='ocrx_word' id='word_1_117' title='bbox 1094 2499 1200 2593; x_wconf 89' lang='lat' dir='ltr'>eique</span> <span class='ocrx_word' id='word_1_118' title='bbox 1220 2511 1333 2570; x_wconf 88' lang='lat' dir='ltr'>morte</span> <span class='ocrx_word' id='word_1_119' title='bbox 1354 2491 1458 2594; x_wconf 84' lang='lat' dir='ltr'>jungi</span> <span class='ocrx_word' id='word_1_120' title='bbox 1473 2495 1542 2564; x_wconf 84' lang='lat' dir='ltr'>vito</span> <span class='ocrx_word' id='word_1_121' title='bbox 1557 2489 1625 2588; x_wconf 86' lang='lat' dir='ltr'>ju-</span> 
     </span>
     <span class='ocr_line' id='line_1_19' title="bbox 319 2613 711 2690; baseline -0.008 -1"><span class='ocrx_word' id='word_1_122' title='bbox 319 2613 470 2690; x_wconf 92' lang='lat' dir='ltr'>cundius</span> <span class='ocrx_word' id='word_1_123' title='bbox 485 2615 711 2688; x_wconf 82' lang='lat' dir='ltr'>duceretur2.</span> 
     </span>
    </p>

    <p class='ocr_par' dir='ltr' id='par_1_7' title="bbox 316 2734 1627 3326">
     <span class='ocr_line' id='line_1_20' title="bbox 421 2734 1625 2836; baseline -0.003 -26"><span class='ocrx_word' id='word_1_124' title='bbox 421 2740 541 2812; x_wconf 83' lang='lat' dir='ltr'>Lectus</span> <span class='ocrx_word' id='word_1_125' title='bbox 558 2736 767 2834; x_wconf 82' lang='lat' dir='ltr'>Hjartvarus</span> <span class='ocrx_word' id='word_1_126' title='bbox 782 2734 981 2834; x_wconf 84' lang='lat' dir='ltr'>prandendi</span> <span class='ocrx_word' id='word_1_127' title='bbox 998 2739 1109 2836; x_wconf 81' lang='lat' dir='ltr'>grstia</span> <span class='ocrx_word' id='word_1_128' title='bbox 1126 2743 1250 2836; x_wconf 83' lang='lat' dir='ltr'>positis</span> <span class='ocrx_word' id='word_1_129' title='bbox 1265 2743 1395 2812; x_wconf 85' lang='lat' dir='ltr'>mensis</span> <span class='ocrx_word' id='word_1_130' title='bbox 1417 2738 1625 2812; x_wconf 87' lang='lat' dir='ltr'>convivium</span> 
     </span>
     <span class='ocr_line' id='line_1_21' title="bbox 319 2856 1627 2960; baseline -0.003 -26"><span class='ocrx_word' id='word_1_131' title='bbox 319 2885 451 2960; x_wconf 86' lang='lat' dir='ltr'>pugnae</span> <span class='ocrx_word' id='word_1_132' title='bbox 474 2857 668 2934; x_wconf 80' lang='lat' dir='ltr'>succedere</span> <span class='ocrx_word' id='word_1_133' title='bbox 683 2857 797 2956; x_wconf 87' lang='lat' dir='ltr'>jubet,</span> <span class='ocrx_word' id='word_1_134' title='bbox 824 2863 1008 2931; x_wconf 83' lang='lat' dir='ltr'>victoriam</span> <span class='ocrx_word' id='word_1_135' title='bbox 1028 2856 1143 2956; x_wconf 83' lang='lat' dir='ltr'>epulis</span> <span class='ocrx_word' id='word_1_136' title='bbox 1158 2875 1424 2958; x_wconf 87' lang='lat' dir='ltr'>prosecuturus.</span> <span class='ocrx_word' id='word_1_137' title='bbox 1481 2857 1627 2953; x_wconf 84' lang='lat' dir='ltr'>Quibus</span> 
     </span>
     <span class='ocr_line' id='line_1_22' title="bbox 316 2976 1627 3079; baseline -0.005 -23"><span class='ocrx_word' id='word_1_138' title='bbox 316 2997 486 3056; x_wconf 76' lang='lat' dir='ltr'>oneratus</span> <span class='ocrx_word' id='word_1_139' title='bbox 502 3005 641 3079; x_wconf 82' lang='lat' dir='ltr'>magnes</span> <span class='ocrx_word' id='word_1_140' title='bbox 657 2979 725 3052; x_wconf 87' lang='lat' dir='ltr'>sibi</span> <span class='ocrx_word' id='word_1_141' title='bbox 743 2976 1004 3052; x_wconf 79' lang='lat' dir='ltr'>admirationis³</span> <span class='ocrx_word' id='word_1_142' title='bbox 1033 3003 1111 3054; x_wconf 88' lang='lat' dir='ltr'>esse</span> <span class='ocrx_word' id='word_1_143' title='bbox 1125 2979 1221 3071; x_wconf 78' lang='lat' dir='ltr'>dixit,</span> <span class='ocrx_word' id='word_1_144' title='bbox 1247 2979 1348 3079; x_wconf 93' lang='lat' dir='ltr'>quod</span> <span class='ocrx_word' id='word_1_145' title='bbox 1363 3007 1405 3057; x_wconf 85' lang='lat' dir='ltr'>ex</span> <span class='ocrx_word' id='word_1_146' title='bbox 1419 2997 1515 3054; x_wconf 77' lang='lat' dir='ltr'>tanta</span> <span class='ocrx_word' id='word_1_147' title='bbox 1527 2979 1627 3052; x_wconf 82' lang='lat' dir='ltr'>Rol-</span> 
     </span>
     <span class='ocr_line' id='line_1_23' title="bbox 318 3098 1627 3200; baseline -0.004 -22"><span class='ocrx_word' id='word_1_148' title='bbox 318 3105 421 3178; x_wconf 85' lang='lat' dir='ltr'>vonis</span> <span class='ocrx_word' id='word_1_149' title='bbox 440 3099 563 3173; x_wconf 79' lang='lat' dir='ltr'>militie</span> <span class='ocrx_word' id='word_1_150' title='bbox 579 3125 696 3191; x_wconf 91' lang='lat' dir='ltr'>nemo,</span> <span class='ocrx_word' id='word_1_151' title='bbox 711 3105 772 3199; x_wconf 91' lang='lat' dir='ltr'>qui</span> <span class='ocrx_word' id='word_1_152' title='bbox 789 3098 893 3173; x_wconf 84' lang='lat' dir='ltr'>soluti</span> <span class='ocrx_word' id='word_1_153' title='bbox 909 3100 994 3198; x_wconf 87' lang='lat' dir='ltr'>suga</span> <span class='ocrx_word' id='word_1_154' title='bbox 1011 3117 1073 3174; x_wconf 81' lang='lat' dir='ltr'>aut</span> <span class='ocrx_word' id='word_1_155' title='bbox 1089 3104 1253 3200; x_wconf 80' lang='lat' dir='ltr'>captione</span> <span class='ocrx_word' id='word_1_156' title='bbox 1263 3101 1474 3192; x_wconf 83' lang='lat' dir='ltr'>consuleret,</span> <span class='ocrx_word' id='word_1_157' title='bbox 1492 3125 1627 3200; x_wconf 85' lang='lat' dir='ltr'>reper-</span> 
     </span>
     <span class='ocr_line' id='line_1_24' title="bbox 318 3220 1626 3326; baseline -0.005 -26"><span class='ocrx_word' id='word_1_158' title='bbox 318 3241 376 3300; x_wconf 90' lang='lat' dir='ltr'>tus</span> <span class='ocrx_word' id='word_1_159' title='bbox 397 3222 530 3297; x_wconf 88' lang='lat' dir='ltr'>luisset.</span> <span class='ocrx_word' id='word_1_160' title='bbox 579 3221 681 3295; x_wconf 87' lang='lat' dir='ltr'>Unde</span> <span class='ocrx_word' id='word_1_161' title='bbox 696 3220 872 3320; x_wconf 90' lang='lat' dir='ltr'>liquidum</span> <span class='ocrx_word' id='word_1_162' title='bbox 892 3221 1018 3314; x_wconf 88' lang='lat' dir='ltr'>luisse,</span> <span class='ocrx_word' id='word_1_163' title='bbox 1053 3238 1189 3320; x_wconf 84' lang='lat' dir='ltr'>quanto</span> <span class='ocrx_word' id='word_1_164' title='bbox 1211 3223 1292 3297; x_wconf 88' lang='lat' dir='ltr'>fidei</span> <span class='ocrx_word' id='word_1_165' title='bbox 1317 3223 1435 3299; x_wconf 87' lang='lat' dir='ltr'>studio</span> <span class='ocrx_word' id='word_1_166' title='bbox 1451 3225 1545 3326; x_wconf 86' lang='lat' dir='ltr'>regis</span> <span class='ocrx_word' id='word_1_167' title='bbox 1566 3231 1626 3298; x_wconf 88' lang='lat' dir='ltr'>sui</span> 
     </span>
    </p>
   </div>
   <div class='ocr_carea' id='block_1_4' title="bbox 188 3343 1627 3442">
    <p class='ocr_par' dir='ltr' id='par_1_8' title="bbox 188 3343 1627 3442">
     <span class='ocr_line' id='line_1_25' title="bbox 188 3343 1627 3442; baseline -0.005 -17"><span class='ocrx_word' id='word_1_168' title='bbox 188 3379 194 3386; x_wconf 91' lang='grc'><em>·</em></span> <span class='ocrx_word' id='word_1_169' title='bbox 255 3408 258 3418; x_wconf 87' lang='grc'>.</span> <span class='ocrx_word' id='word_1_170' title='bbox 319 3355 499 3424; x_wconf 82' lang='lat' dir='ltr'>caritatem</span> <span class='ocrx_word' id='word_1_171' title='bbox 518 3343 703 3436; x_wconf 87' lang='lat' dir='ltr'>coluerint,</span> <span class='ocrx_word' id='word_1_172' title='bbox 728 3349 784 3418; x_wconf 89' lang='lat' dir='ltr'>cui</span> <span class='ocrx_word' id='word_1_173' title='bbox 807 3345 1014 3441; x_wconf 87' lang='lat' dir='ltr'>superstites</span> <span class='ocrx_word' id='word_1_174' title='bbox 1030 3346 1459 3442; x_wconf 82' lang='lat' dir='ltr'>essepassinonfuerint.</span> <span class='ocrx_word' id='word_1_175' title='bbox 1522 3349 1627 3420; x_wconf 90' lang='lat' dir='ltr'>For-</span> 
     </span>
    </p>
   </div>
   <div class='ocr_carea' id='block_1_5' title="bbox 316 3463 1629 4056">
    <p class='ocr_par' dir='ltr' id='par_1_9' title="bbox 316 3463 1629 4056">
     <span class='ocr_line' id='line_1_26' title="bbox 318 3463 1627 3570; baseline -0.005 -24"><span class='ocrx_word' id='word_1_176' title='bbox 318 3489 438 3546; x_wconf 79' lang='lat' dir='ltr'>tunam</span> <span class='ocrx_word' id='word_1_177' title='bbox 462 3493 630 3570; x_wconf 86' lang='lat' dir='ltr'>quoque,</span> <span class='ocrx_word' id='word_1_178' title='bbox 662 3465 763 3567; x_wconf 92' lang='lat' dir='ltr'>quod</span> <span class='ocrx_word' id='word_1_179' title='bbox 778 3463 844 3538; x_wconf 89' lang='lat' dir='ltr'>sibi</span> <span class='ocrx_word' id='word_1_180' title='bbox 869 3490 915 3536; x_wconf 91' lang='lat' dir='ltr'>ne</span> <span class='ocrx_word' id='word_1_181' title='bbox 943 3465 1217 3565; x_wconf 89' lang='lat' dir='ltr'>uniusquidem</span> <span class='ocrx_word' id='word_1_182' title='bbox 1250 3493 1376 3570; x_wconf 73' lang='lat' dir='ltr'>eorum</span> <span class='ocrx_word' id='word_1_183' title='bbox 1406 3469 1627 3568; x_wconf 86' lang='lat' dir='ltr'>obsequium</span> 
     </span>
     <span class='ocr_line' id='line_1_27' title="bbox 317 3573 1628 3692; baseline -0.005 -24"><span class='ocrx_word' id='word_1_184' title='bbox 317 3617 506 3692; x_wconf 85' lang='lat' dir='ltr'>superesse</span> <span class='ocrx_word' id='word_1_185' title='bbox 537 3590 754 3689; x_wconf 86' lang='lat' dir='ltr'>permiserit,</span> <span class='ocrx_word' id='word_1_186' title='bbox 788 3587 1022 3676; x_wconf 85' lang='lat' dir='ltr'>causabatur,</span> <span class='ocrx_word' id='word_1_187' title='bbox 1055 3613 1165 3684; x_wconf 81' lang='lat' dir='ltr'>qnam</span> <span class='ocrx_word' id='word_1_188' title='bbox 1181 3573 1420 3664; x_wconf 87' lang='lat' dir='ltr'>libentissime</span> <span class='ocrx_word' id='word_1_189' title='bbox 1442 3617 1481 3668; x_wconf 85' lang='lat' dir='ltr'>se</span> <span class='ocrx_word' id='word_1_190' title='bbox 1499 3590 1628 3664; x_wconf 83' lang='lat' dir='ltr'>tulium</span> 
     </span>
     <span class='ocr_line' id='line_1_28' title="bbox 317 3709 1629 3812; baseline -0.001 -25"><span class='ocrx_word' id='word_1_191' title='bbox 317 3719 477 3788; x_wconf 87' lang='lat' dir='ltr'>virorum</span> <span class='ocrx_word' id='word_1_192' title='bbox 508 3711 681 3784; x_wconf 81' lang='lat' dir='ltr'>famulatu</span> <span class='ocrx_word' id='word_1_193' title='bbox 705 3735 854 3785; x_wconf 89' lang='lat' dir='ltr'>usurum</span> <span class='ocrx_word' id='word_1_194' title='bbox 879 3725 1036 3784; x_wconf 81' lang='lat' dir='ltr'>testatus.</span> <span class='ocrx_word' id='word_1_195' title='bbox 1110 3710 1240 3785; x_wconf 85' lang='lat' dir='ltr'>Oblnto</span> <span class='ocrx_word' id='word_1_196' title='bbox 1280 3715 1443 3812; x_wconf 82' lang='lat' dir='ltr'>Viggone</span> <span class='ocrx_word' id='word_1_197' title='bbox 1471 3709 1629 3812; x_wconf 81' lang='lat' dir='ltr'>perinde</span> 
     </span>
     <span class='ocr_line' id='line_1_29' title="bbox 317 3829 1627 3934; baseline -0.001 -25"><span class='ocrx_word' id='word_1_198' title='bbox 317 3861 359 3909; x_wconf 82' lang='lat' dir='ltr'>ec</span> <span class='ocrx_word' id='word_1_199' title='bbox 378 3858 526 3908; x_wconf 89' lang='lat' dir='ltr'>munere</span> <span class='ocrx_word' id='word_1_200' title='bbox 550 3831 768 3932; x_wconf 80' lang='lat' dir='ltr'>gratulatus,</span> <span class='ocrx_word' id='word_1_201' title='bbox 795 3857 840 3905; x_wconf 84' lang='lat' dir='ltr'>an</span> <span class='ocrx_word' id='word_1_202' title='bbox 861 3831 927 3905; x_wconf 90' lang='lat' dir='ltr'>sibi</span> <span class='ocrx_word' id='word_1_203' title='bbox 944 3829 1233 3924; x_wconf 82' lang='lat' dir='ltr'>militore&#39;vellet,</span> <span class='ocrx_word' id='word_1_204' title='bbox 1253 3839 1436 3934; x_wconf 87' lang='lat' dir='ltr'>perquirit.</span> <span class='ocrx_word' id='word_1_205' title='bbox 1491 3839 1627 3908; x_wconf 78' lang='lat' dir='ltr'>Annu-</span> 
     </span>
     <span class='ocr_line' id='line_1_30' title="bbox 316 3952 1626 4056; baseline -0.003 -24"><span class='ocrx_word' id='word_1_206' title='bbox 316 3963 385 4032; x_wconf 89' lang='lat' dir='ltr'>enti</span> <span class='ocrx_word' id='word_1_207' title='bbox 409 3957 615 4032; x_wconf 89' lang='lat' dir='ltr'>destrictum</span> <span class='ocrx_word' id='word_1_208' title='bbox 639 3953 797 4054; x_wconf 79' lang='lat' dir='ltr'>gladium</span> <span class='ocrx_word' id='word_1_209' title='bbox 821 3953 932 4026; x_wconf 83' lang='lat' dir='ltr'>offert.</span> <span class='ocrx_word' id='word_1_210' title='bbox 1015 3952 1077 4026; x_wconf 86' lang='lat' dir='ltr'>Ille</span> <span class='ocrx_word' id='word_1_211' title='bbox 1099 3952 1285 4052; x_wconf 85' lang='lat' dir='ltr'>cuspidem</span> <span class='ocrx_word' id='word_1_212' title='bbox 1307 3953 1478 4050; x_wconf 82' lang='lat' dir='ltr'>refutans,</span> <span class='ocrx_word' id='word_1_213' title='bbox 1501 3981 1626 4056; x_wconf 80' lang='lat' dir='ltr'>capu·</span> 
     </span>
    </p>
   </div>
   <div class='ocr_carea' id='block_1_6' title="bbox 313 4143 1629 4758">
    <p class='ocr_par' dir='ltr' id='par_1_10' title="bbox 313 4143 1629 4758">
     <span class='ocr_line' id='line_1_31' title="bbox 360 4143 1628 4214; baseline -0.002 0.035"><span class='ocrx_word' id='word_1_214' title='bbox 360 4155 470 4214; x_wconf 75' lang='lat' dir='ltr'>¹Hauc</span> <span class='ocrx_word' id='word_1_215' title='bbox 484 4148 715 4212; x_wconf 71' lang='lat' dir='ltr'>exhortationum</span> <span class='ocrx_word' id='word_1_216' title='bbox 729 4151 829 4209; x_wconf 74' lang='lat' dir='ltr'>sertem</span> <span class='ocrx_word' id='word_1_217' title='bbox 851 4148 939 4208; x_wconf 82' lang='lat' dir='ltr'>idcir·</span> <span class='ocrx_word' id='word_1_218' title='bbox 997 4143 1116 4207; x_wconf 82' lang='lat' dir='ltr'>easdem</span> <span class='ocrx_word' id='word_1_219' title='bbox 1137 4143 1179 4208; x_wconf 87' lang='lat' dir='ltr'>ob</span> <span class='ocrx_word' id='word_1_220' title='bbox 1201 4167 1303 4210; x_wconf 76' lang='lat' dir='ltr'>causas</span> <span class='ocrx_word' id='word_1_221' title='bbox 1321 4167 1425 4212; x_wconf 77' lang='lat' dir='ltr'>versus</span> <span class='ocrx_word' id='word_1_222' title='bbox 1451 4148 1562 4213; x_wconf 72' lang='lat' dir='ltr'>latinos</span> <span class='ocrx_word' id='word_1_223' title='bbox 1588 4149 1628 4212; x_wconf 80' lang='lat' dir='ltr'>in</span> 
     </span>
     <span class='ocr_line' id='line_1_32' title="bbox 314 4248 1313 4338; baseline -0.006 -16"><span class='ocrx_word' id='word_1_224' title='bbox 314 4283 347 4322; x_wconf 84' lang='lat' dir='ltr'>eo</span> <span class='ocrx_word' id='word_1_225' title='bbox 368 4261 487 4320; x_wconf 80' lang='lat' dir='ltr'>rustrs&#39;ea</span> <span class='ocrx_word' id='word_1_226' title='bbox 518 4259 631 4317; x_wconf 80' lang='lat' dir='ltr'>ratione</span> <span class='ocrx_word' id='word_1_227' title='bbox 655 4248 856 4338; x_wconf 79' lang='lat' dir='ltr'>compegersin]</span> <span class='ocrx_word' id='word_1_228' title='bbox 889 4253 936 4314; x_wconf 83' lang='lat' dir='ltr'>Ex</span> <span class='ocrx_word' id='word_1_229' title='bbox 996 4249 1127 4312; x_wconf 82' lang='lat' dir='ltr'>medium</span> <span class='ocrx_word' id='word_1_230' title='bbox 1141 4252 1313 4336; x_wconf 77' lang='lat' dir='ltr'>protulisse.</span> 
     </span>
     <span class='ocr_line' id='line_1_33' title="bbox 313 4359 1628 4444; baseline -0.005 -18"><span class='ocrx_word' id='word_1_231' title='bbox 313 4363 406 4426; x_wconf 79' lang='lat' dir='ltr'>bucco</span> <span class='ocrx_word' id='word_1_232' title='bbox 429 4361 651 4439; x_wconf 82' lang='lat' dir='ltr'>observatione,</span> <span class='ocrx_word' id='word_1_233' title='bbox 671 4378 729 4444; x_wconf 77' lang='lat' dir='ltr'>qua</span> <span class='ocrx_word' id='word_1_234' title='bbox 749 4359 829 4420; x_wconf 79' lang='lat' dir='ltr'>Saxo</span> <span class='ocrx_word' id='word_1_235' title='bbox 850 4375 938 4418; x_wconf 86' lang='lat' dir='ltr'>excu·</span> <span class='ocrx_word' id='word_1_236' title='bbox 1042 4361 1156 4441; x_wconf 70' lang='lat' dir='ltr'>’Eique</span> <span class='ocrx_word' id='word_1_237' title='bbox 1174 4377 1266 4422; x_wconf 79' lang='lat' dir='ltr'>morte</span> <span class='ocrx_word' id='word_1_238' title='bbox 1275 4361 1371 4443; x_wconf 72' lang='lat' dir='ltr'>pangi</span> <span class='ocrx_word' id='word_1_239' title='bbox 1386 4365 1448 4421; x_wconf 80' lang='lat' dir='ltr'>usta</span> <span class='ocrx_word' id='word_1_240' title='bbox 1462 4359 1628 4442; x_wconf 74' lang='lat' dir='ltr'>jucundius</span> 
     </span>
     <span class='ocr_line' id='line_1_34' title="bbox 313 4458 1629 4551; baseline -0.005 -20"><span class='ocrx_word' id='word_1_241' title='bbox 313 4471 460 4532; x_wconf 77' lang='lat' dir='ltr'>sotionem</span> <span class='ocrx_word' id='word_1_242' title='bbox 480 4466 557 4530; x_wconf 85' lang='lat' dir='ltr'>sibi</span> <span class='ocrx_word' id='word_1_243' title='bbox 555 4485 675 4551; x_wconf 83' lang='lat' dir='ltr'>parasse</span> <span class='ocrx_word' id='word_1_244' title='bbox 691 4461 824 4539; x_wconf 87' lang='lat' dir='ltr'>vidctnr,</span> <span class='ocrx_word' id='word_1_245' title='bbox 855 4458 938 4546; x_wconf 88' lang='lat' dir='ltr'>quod</span> <span class='ocrx_word' id='word_1_246' title='bbox 998 4460 1629 4548; x_wconf 68' lang='lat' dir='ltr'>duceretur]stmitiainatiisgemibuvin-</span> 
     </span>
     <span class='ocr_line' id='line_1_35' title="bbox 313 4567 1629 4657; baseline -0.005 -21"><span class='ocrx_word' id='word_1_247' title='bbox 313 4585 377 4636; x_wconf 83' lang='lat' dir='ltr'>tsm</span> <span class='ocrx_word' id='word_1_248' title='bbox 397 4575 519 4657; x_wconf 86' lang='lat' dir='ltr'>longam</span> <span class='ocrx_word' id='word_1_249' title='bbox 536 4592 675 4636; x_wconf 85' lang='lat' dir='ltr'>versuum</span> <span class='ocrx_word' id='word_1_250' title='bbox 692 4569 801 4634; x_wconf 82' lang='lat' dir='ltr'>seriem</span> <span class='ocrx_word' id='word_1_251' title='bbox 822 4569 937 4632; x_wconf 76' lang='lat' dir='ltr'>annali·</span> <span class='ocrx_word' id='word_1_252' title='bbox 995 4569 1069 4631; x_wconf 89' lang='lat' dir='ltr'>tutis</span> <span class='ocrx_word' id='word_1_253' title='bbox 1085 4569 1247 4652; x_wconf 82' lang='lat' dir='ltr'>exempla&#39;</span> <span class='ocrx_word' id='word_1_254' title='bbox 1237 4589 1297 4652; x_wconf 73' lang='lat' dir='ltr'>jem</span> <span class='ocrx_word' id='word_1_255' title='bbox 1319 4571 1445 4655; x_wconf 83' lang='lat' dir='ltr'>collegit</span> <span class='ocrx_word' id='word_1_256' title='bbox 1459 4567 1629 4654; x_wconf 69' lang='lat' dir='ltr'>Stephani-</span> 
     </span>
     <span class='ocr_line' id='line_1_36' title="bbox 314 4672 1397 4758; baseline -0.005 -17"><span class='ocrx_word' id='word_1_257' title='bbox 314 4678 372 4741; x_wconf 83' lang='lat' dir='ltr'>bus</span> <span class='ocrx_word' id='word_1_258' title='bbox 397 4678 457 4740; x_wconf 87' lang='lat' dir='ltr'>suis</span> <span class='ocrx_word' id='word_1_259' title='bbox 479 4676 702 4755; x_wconf 84' lang='lat' dir='ltr'>interseruerit,</span> <span class='ocrx_word' id='word_1_260' title='bbox 730 4672 938 4744; x_wconf 84' lang='lat' dir='ltr'>concludimus</span> <span class='ocrx_word' id='word_1_261' title='bbox 994 4693 1038 4752; x_wconf 87' lang='lat' dir='ltr'>us,</span> <span class='ocrx_word' id='word_1_262' title='bbox 1054 4695 1121 4758; x_wconf 72' lang='lat' dir='ltr'>qun</span> <span class='ocrx_word' id='word_1_263' title='bbox 1139 4673 1206 4738; x_wconf 81' lang='lat' dir='ltr'>side</span> <span class='ocrx_word' id='word_1_264' title='bbox 1224 4677 1256 4738; x_wconf 89' lang='lat' dir='ltr'>in</span> <span class='ocrx_word' id='word_1_265' title='bbox 1268 4689 1331 4741; x_wconf 82' lang='lat' dir='ltr'>not.</span> <span class='ocrx_word' id='word_1_266' title='bbox 1348 4675 1397 4739; x_wconf 91' lang='lat' dir='ltr'>ub.</span> 
     </span>
    </p>
   </div>
   <div class='ocr_carea' id='block_1_7' title="bbox 207 4775 1630 4862">
    <p class='ocr_par' dir='ltr' id='par_1_11' title="bbox 207 4775 1630 4862">
     <span class='ocr_line' id='line_1_37' title="bbox 207 4775 1630 4862; baseline -0.006 -13"><span class='ocrx_word' id='word_1_267' title='bbox 207 4807 211 4814; x_wconf 93' lang='lat'>·</span> <span class='ocrx_word' id='word_1_268' title='bbox 313 4779 443 4848; x_wconf 82' lang='lat' dir='ltr'>cundem</span> <span class='ocrx_word' id='word_1_269' title='bbox 467 4783 532 4850; x_wconf 79' lang='lat' dir='ltr'>eliis</span> <span class='ocrx_word' id='word_1_270' title='bbox 556 4783 589 4847; x_wconf 88' lang='lat' dir='ltr'>iu</span> <span class='ocrx_word' id='word_1_271' title='bbox 611 4783 686 4848; x_wconf 85' lang='lat' dir='ltr'>iocis</span> <span class='ocrx_word' id='word_1_272' title='bbox 712 4779 847 4844; x_wconf 78' lang='lat' dir='ltr'>historie</span> <span class='ocrx_word' id='word_1_273' title='bbox 872 4799 936 4846; x_wconf 77' lang='lat' dir='ltr'>sues</span> <span class='ocrx_word' id='word_1_274' title='bbox 1040 4778 1290 4862; x_wconf 66' lang='lat' dir='ltr'>‘Adur&#39;ratiouid</span> <span class='ocrx_word' id='word_1_275' title='bbox 1310 4783 1389 4848; x_wconf 80' lang='lat' dir='ltr'>Ssxo</span> <span class='ocrx_word' id='word_1_276' title='bbox 1409 4776 1567 4862; x_wconf 77' lang='lat' dir='ltr'>scripsisse</span> <span class='ocrx_word' id='word_1_277' title='bbox 1581 4775 1630 4841; x_wconf 81' lang='lat' dir='ltr'>si·</span> 
     </span>
    </p>
   </div>
   <div class='ocr_carea' id='block_1_8' title="bbox 993 4884 1295 4952">
    <p class='ocr_par' dir='ltr' id='par_1_12' title="bbox 993 4884 1295 4952">
     <span class='ocr_line' id='line_1_38' title="bbox 993 4884 1295 4952; baseline 0 -5"><span class='ocrx_word' id='word_1_278' title='bbox 993 4884 1082 4949; x_wconf 81' lang='lat' dir='ltr'>delur</span> <span class='ocrx_word' id='word_1_279' title='bbox 1098 4889 1295 4952; x_wconf 81' lang='lat' dir='ltr'>uclms&#39;rott&#39;out&#39;.</span> 
     </span>
    </p>
   </div>
   <div class='ocr_carea' id='block_1_9' title="bbox 0 0 1764 5462">
    <p class='ocr_par' dir='ltr' id='par_1_13' title="bbox 0 0 1764 5462">
     <span class='ocr_line' id='line_1_39' title="bbox 0 0 1764 5462; baseline 0 1"><span class='ocrx_word' id='word_1_280' title='bbox 0 0 1764 5462; x_wconf 95' lang='lat' dir='ltr'> </span> 
     </span>
    </p>
   </div>
  </div>
 </body>
</html>
