<?xml version="1.0" encoding="UTF-8"?>
<!DOCTYPE html PUBLIC "-//W3C//DTD XHTML 1.0 Transitional//EN"
    "http://www.w3.org/TR/xhtml1/DTD/xhtml1-transitional.dtd">
<html xmlns="http://www.w3.org/1999/xhtml" xml:lang="en" lang="en">
 <head>
  <title>
</title>
<meta http-equiv="Content-Type" content="text/html;charset=utf-8" />
  <meta name='ocr-system' content='tesseract 3.04.00' />
  <meta name='ocr-capabilities' content='ocr_page ocr_carea ocr_par ocr_line ocrx_word'/>
</head>
<body>
  <div class='ocr_page' id='page_1' title='image "./historiadanica00velsgoog_0202.png"; bbox 0 0 3446 5458; ppageno 0'>
   <div class='ocr_carea' id='block_1_1' title="bbox 191 1433 1338 1561">
    <p class='ocr_par' dir='ltr' id='par_1_1' title="bbox 191 1433 1338 1561">
     <span class='ocr_line' id='line_1_1' title="bbox 191 1433 1338 1561; baseline -0.003 -11"><span class='ocrx_word' id='word_1_1' title='bbox 191 1435 417 1561; x_wconf 77' lang='lat' dir='ltr'>Saxonis</span> <span class='ocrx_word' id='word_1_2' title='bbox 454 1433 801 1554; x_wconf 82' lang='lat' dir='ltr'><strong>Grarnmatici</strong></span> <span class='ocrx_word' id='word_1_3' title='bbox 833 1437 1080 1550; x_wconf 87' lang='lat' dir='ltr'><strong>Historiae</strong></span> <span class='ocrx_word' id='word_1_4' title='bbox 1113 1435 1338 1547; x_wconf 79' lang='lat' dir='ltr'><strong>Danicae</strong></span> 
     </span>
    </p>
   </div>
   <div class='ocr_carea' id='block_1_2' title="bbox 535 1677 979 1791">
    <p class='ocr_par' dir='ltr' id='par_1_2' title="bbox 535 1677 979 1791">
     <span class='ocr_line' id='line_1_2' title="bbox 535 1677 979 1791; baseline -0.005 -25"><span class='ocrx_word' id='word_1_5' title='bbox 535 1681 700 1766; x_wconf 87' lang='lat' dir='ltr'><strong>Liber</strong></span> <span class='ocrx_word' id='word_1_6' title='bbox 738 1677 979 1791; x_wconf 83' lang='lat' dir='ltr'><strong>Quintus.</strong></span> 
     </span>
    </p>
   </div>
   <div class='ocr_carea' id='block_1_3' title="bbox 87 2015 1409 4110">
    <p class='ocr_par' dir='ltr' id='par_1_3' title="bbox 89 2015 1409 3598">
     <span class='ocr_line' id='line_1_3' title="bbox 95 2015 1409 2152; baseline -0.002 -27"><span class='ocrx_word' id='word_1_7' title='bbox 95 2015 310 2125; x_wconf 77' lang='lat' dir='ltr'><strong>Defuncto</strong></span> <span class='ocrx_word' id='word_1_8' title='bbox 334 2047 501 2123; x_wconf 87' lang='lat' dir='ltr'><strong>Fridlevo</strong></span> <span class='ocrx_word' id='word_1_9' title='bbox 535 2049 630 2126; x_wconf 87' lang='lat' dir='ltr'><strong>lilius</strong></span> <span class='ocrx_word' id='word_1_10' title='bbox 663 2051 799 2126; x_wconf 89' lang='lat' dir='ltr'><strong>Frotho</strong></span> <span class='ocrx_word' id='word_1_11' title='bbox 816 2069 953 2152; x_wconf 84' lang='lat' dir='ltr'><strong>septem</strong></span> <span class='ocrx_word' id='word_1_12' title='bbox 973 2075 1087 2126; x_wconf 88' lang='lat' dir='ltr'><strong>annos</strong></span> <span class='ocrx_word' id='word_1_13' title='bbox 1114 2069 1217 2127; x_wconf 86' lang='lat' dir='ltr'><strong>natus</strong></span> <span class='ocrx_word' id='word_1_14' title='bbox 1240 2049 1409 2126; x_wconf 82' lang='lat' dir='ltr'><strong>concordi</strong></span> 
     </span>
     <span class='ocr_line' id='line_1_4' title="bbox 97 2171 1409 2275; baseline -0.002 -25"><span class='ocrx_word' id='word_1_15' title='bbox 97 2179 287 2250; x_wconf 82' lang='lat' dir='ltr'><strong>Dacorum</strong></span> <span class='ocrx_word' id='word_1_16' title='bbox 304 2171 471 2246; x_wconf 84' lang='lat' dir='ltr'><strong>arbitrio¹</strong></span> <span class='ocrx_word' id='word_1_17' title='bbox 489 2173 719 2275; x_wconf 82' lang='lat' dir='ltr'><strong>subrogatur.</strong></span> <span class='ocrx_word' id='word_1_18' title='bbox 778 2173 901 2268; x_wconf 86' lang='lat' dir='ltr'><strong>iidem,</strong></span> <span class='ocrx_word' id='word_1_19' title='bbox 916 2181 1089 2248; x_wconf 83' lang='lat' dir='ltr'>concione</span> <span class='ocrx_word' id='word_1_20' title='bbox 1104 2173 1321 2274; x_wconf 86' lang='lat' dir='ltr'><strong>praehabita,</strong></span> <span class='ocrx_word' id='word_1_21' title='bbox 1346 2178 1409 2248; x_wconf 92' lang='lat' dir='ltr'><strong>in-</strong></span> 
     </span>
     <span class='ocr_line' id='line_1_5' title="bbox 97 2295 1409 2400; baseline -0.001 -27"><span class='ocrx_word' id='word_1_22' title='bbox 97 2299 247 2372; x_wconf 76' lang='lat' dir='ltr'>fantiam</span> <span class='ocrx_word' id='word_1_23' title='bbox 269 2299 364 2396; x_wconf 85' lang='lat' dir='ltr'><strong>regis</strong></span> <span class='ocrx_word' id='word_1_24' title='bbox 387 2320 408 2368; x_wconf 91' lang='lat' dir='ltr'><strong>a</strong></span> <span class='ocrx_word' id='word_1_25' title='bbox 432 2296 611 2372; x_wconf 87' lang='lat' dir='ltr'><strong>tutoribus</strong></span> <span class='ocrx_word' id='word_1_26' title='bbox 628 2295 873 2400; x_wconf 80' lang='lat' dir='ltr'>excipiendam</span> <span class='ocrx_word' id='word_1_27' title='bbox 899 2295 1088 2386; x_wconf 85' lang='lat' dir='ltr'><strong>duxerunt,</strong></span> <span class='ocrx_word' id='word_1_28' title='bbox 1114 2321 1159 2370; x_wconf 90' lang='lat' dir='ltr'><strong>ne</strong></span> <span class='ocrx_word' id='word_1_29' title='bbox 1175 2296 1225 2370; x_wconf 92' lang='lat' dir='ltr'><strong>ob</strong></span> <span class='ocrx_word' id='word_1_30' title='bbox 1240 2299 1409 2396; x_wconf 89' lang='lat' dir='ltr'><strong>principis</strong></span> 
     </span>
     <span class='ocr_line' id='line_1_6' title="bbox 97 2417 1407 2524; baseline -0.002 -27"><span class='ocrx_word' id='word_1_31' title='bbox 97 2420 339 2524; x_wconf 73' lang='lat' dir='ltr'><strong>puerilitatem</strong></span> <span class='ocrx_word' id='word_1_32' title='bbox 360 2442 482 2490; x_wconf 88' lang='lat' dir='ltr'><strong>rerum</strong></span> <span class='ocrx_word' id='word_1_33' title='bbox 509 2417 733 2494; x_wconf 83' lang='lat' dir='ltr'><strong>exciderent²</strong></span> <span class='ocrx_word' id='word_1_34' title='bbox 753 2443 904 2492; x_wconf 88' lang='lat' dir='ltr'><strong>summa.</strong></span> <span class='ocrx_word' id='word_1_35' title='bbox 980 2421 1134 2492; x_wconf 86' lang='lat' dir='ltr'><strong>Tantum</strong></span> <span class='ocrx_word' id='word_1_36' title='bbox 1155 2419 1334 2519; x_wconf 72' lang='lat' dir='ltr'><strong>siquidem</strong></span> <span class='ocrx_word' id='word_1_37' title='bbox 1359 2421 1407 2494; x_wconf 90' lang='lat' dir='ltr'><strong>ab</strong></span> 
     </span>
     <span class='ocr_line' id='line_1_7' title="bbox 95 2537 1408 2632; baseline -0.005 -12"><span class='ocrx_word' id='word_1_38' title='bbox 95 2546 274 2620; x_wconf 87' lang='lat' dir='ltr'><strong>universis</strong></span> <span class='ocrx_word' id='word_1_39' title='bbox 304 2537 463 2612; x_wconf 88' lang='lat' dir='ltr'><strong>Fridlevi</strong></span> <span class='ocrx_word' id='word_1_40' title='bbox 486 2544 668 2615; x_wconf 74' lang='lat' dir='ltr'><strong>memorie</strong></span> <span class='ocrx_word' id='word_1_41' title='bbox 695 2565 738 2614; x_wconf 87' lang='lat' dir='ltr'><strong>ac</strong></span> <span class='ocrx_word' id='word_1_42' title='bbox 761 2544 895 2615; x_wconf 86' lang='lat' dir='ltr'><strong>nomini</strong></span> <span class='ocrx_word' id='word_1_43' title='bbox 914 2539 1100 2632; x_wconf 88' lang='lat' dir='ltr'><strong>tributum,</strong></span> <span class='ocrx_word' id='word_1_44' title='bbox 1124 2555 1259 2613; x_wconf 84' lang='lat' dir='ltr'><strong>uttam</strong></span> <span class='ocrx_word' id='word_1_45' title='bbox 1284 2559 1408 2616; x_wconf 86' lang='lat' dir='ltr'><strong>tenero</strong></span> 
     </span>
     <span class='ocr_line' id='line_1_8' title="bbox 96 2661 1407 2768; baseline -0.004 -27"><span class='ocrx_word' id='word_1_46' title='bbox 96 2669 178 2768; x_wconf 88' lang='lat' dir='ltr'><strong>ejus</strong></span> <span class='ocrx_word' id='word_1_47' title='bbox 193 2664 359 2764; x_wconf 82' lang='lat' dir='ltr'><strong>sanguini</strong></span> <span class='ocrx_word' id='word_1_48' title='bbox 373 2687 526 2760; x_wconf 84' lang='lat' dir='ltr'><strong>regnum</strong></span> <span class='ocrx_word' id='word_1_49' title='bbox 541 2661 694 2736; x_wconf 86' lang='lat' dir='ltr'><strong>daretur.</strong></span> <span class='ocrx_word' id='word_1_50' title='bbox 755 2663 886 2738; x_wconf 87' lang='lat' dir='ltr'><strong>Habito</strong></span> <span class='ocrx_word' id='word_1_51' title='bbox 903 2687 989 2764; x_wconf 88' lang='lat' dir='ltr'><strong>ergo</strong></span> <span class='ocrx_word' id='word_1_52' title='bbox 1007 2661 1160 2756; x_wconf 89' lang='lat' dir='ltr'><strong>delectu,</strong></span> <span class='ocrx_word' id='word_1_53' title='bbox 1186 2667 1407 2737; x_wconf 88' lang='lat' dir='ltr'><strong>Westrnarus</strong></span> 
     </span>
     <span class='ocr_line' id='line_1_9' title="bbox 95 2783 1405 2894; baseline -0.004 -33"><span class='ocrx_word' id='word_1_54' title='bbox 95 2805 130 2861; x_wconf 88' lang='lat' dir='ltr'><strong>et</strong></span> <span class='ocrx_word' id='word_1_55' title='bbox 157 2783 247 2858; x_wconf 93' lang='lat' dir='ltr'><strong>Colo</strong></span> <span class='ocrx_word' id='word_1_56' title='bbox 274 2784 402 2858; x_wconf 85' lang='lat' dir='ltr'><strong>fratres</strong></span> <span class='ocrx_word' id='word_1_57' title='bbox 429 2785 464 2856; x_wconf 91' lang='lat' dir='ltr'><strong>iu</strong></span> <span class='ocrx_word' id='word_1_58' title='bbox 498 2784 719 2894; x_wconf 80' lang='lat' dir='ltr'><strong>educationis</strong></span> <span class='ocrx_word' id='word_1_59' title='bbox 753 2788 862 2888; x_wconf 85' lang='lat' dir='ltr'><strong>regiae</strong></span> <span class='ocrx_word' id='word_1_60' title='bbox 899 2785 1133 2858; x_wconf 88' lang='lat' dir='ltr'><strong>ministerium</strong></span> <span class='ocrx_word' id='word_1_61' title='bbox 1164 2801 1405 2860; x_wconf 88' lang='lat' dir='ltr'><strong>arcessuntnr.</strong></span> 
     </span>
     <span class='ocr_line' id='line_1_10' title="bbox 93 2904 1406 3008; baseline -0.004 -23"><span class='ocrx_word' id='word_1_62' title='bbox 93 2909 206 2985; x_wconf 85' lang='lat' dir='ltr'><strong>lsullo</strong></span> <span class='ocrx_word' id='word_1_63' title='bbox 224 2931 373 3006; x_wconf 87' lang='lat' dir='ltr'><strong>quoquc</strong></span> <span class='ocrx_word' id='word_1_64' title='bbox 389 2923 425 2980; x_wconf 92' lang='lat' dir='ltr'><strong>et</strong></span> <span class='ocrx_word' id='word_1_65' title='bbox 438 2912 574 3008; x_wconf 79' lang='lat' dir='ltr'><strong>Aggoni</strong></span> <span class='ocrx_word' id='word_1_66' title='bbox 599 2921 755 3006; x_wconf 90' lang='lat' dir='ltr'><strong>octoque</strong></span> <span class='ocrx_word' id='word_1_67' title='bbox 769 2907 848 2986; x_wconf 84' lang='lat' dir='ltr'><strong>aliis</strong></span> <span class='ocrx_word' id='word_1_68' title='bbox 866 2906 1067 2982; x_wconf 86' lang='lat' dir='ltr'><strong>illustribus</strong></span> <span class='ocrx_word' id='word_1_69' title='bbox 1096 2909 1179 2982; x_wconf 85' lang='lat' dir='ltr'><strong>viris</strong></span> <span class='ocrx_word' id='word_1_70' title='bbox 1197 2933 1270 2982; x_wconf 92' lang='lat' dir='ltr'><strong>non</strong></span> <span class='ocrx_word' id='word_1_71' title='bbox 1295 2904 1406 2980; x_wconf 91' lang='lat' dir='ltr'><strong>modo</strong></span> 
     </span>
     <span class='ocr_line' id='line_1_11' title="bbox 92 3028 1406 3132; baseline -0.004 -24"><span class='ocrx_word' id='word_1_72' title='bbox 92 3038 191 3132; x_wconf 82' lang='lat' dir='ltr'><strong>regis</strong></span> <span class='ocrx_word' id='word_1_73' title='bbox 210 3028 316 3104; x_wconf 85' lang='lat' dir='ltr'><strong>tutela</strong></span> <span class='ocrx_word' id='word_1_74' title='bbox 334 3030 479 3119; x_wconf 88' lang='lat' dir='ltr'><strong>credita,</strong></span> <span class='ocrx_word' id='word_1_75' title='bbox 505 3055 631 3104; x_wconf 84' lang='lat' dir='ltr'><strong>rerum</strong></span> <span class='ocrx_word' id='word_1_76' title='bbox 651 3033 757 3102; x_wconf 87' lang='lat' dir='ltr'><strong>etiam</strong></span> <span class='ocrx_word' id='word_1_77' title='bbox 772 3028 921 3129; x_wconf 84' lang='lat' dir='ltr'><strong>gerendi</strong></span> <span class='ocrx_word' id='word_1_78' title='bbox 943 3029 1013 3104; x_wconf 92' lang='lat' dir='ltr'><strong>sub</strong></span> <span class='ocrx_word' id='word_1_79' title='bbox 1032 3036 1112 3129; x_wconf 91' lang='lat' dir='ltr'><strong>ipso</strong></span> <span class='ocrx_word' id='word_1_80' title='bbox 1135 3036 1231 3132; x_wconf 80' lang='lat' dir='ltr'><strong>regni</strong></span> <span class='ocrx_word' id='word_1_81' title='bbox 1249 3045 1406 3129; x_wconf 84' lang='lat' dir='ltr'><strong>potestas</strong></span> 
     </span>
     <span class='ocr_line' id='line_1_12' title="bbox 92 3151 1406 3250; baseline -0.002 -23"><span class='ocrx_word' id='word_1_82' title='bbox 92 3153 244 3230; x_wconf 87' lang='lat' dir='ltr'><strong>indultu.</strong></span> <span class='ocrx_word' id='word_1_83' title='bbox 303 3151 459 3224; x_wconf 80' lang='lat' dir='ltr'><strong>Abunde</strong></span> <span class='ocrx_word' id='word_1_84' title='bbox 484 3157 535 3226; x_wconf 88' lang='lat' dir='ltr'><strong>eis</strong></span> <span class='ocrx_word' id='word_1_85' title='bbox 562 3158 656 3226; x_wconf 88' lang='lat' dir='ltr'><strong>vires</strong></span> <span class='ocrx_word' id='word_1_86' title='bbox 679 3152 858 3250; x_wconf 80' lang='lat' dir='ltr'><strong>animique</strong></span> <span class='ocrx_word' id='word_1_87' title='bbox 884 3153 1143 3250; x_wconf 80' lang='lat' dir='ltr'><strong>suppetebant,</strong></span> <span class='ocrx_word' id='word_1_88' title='bbox 1179 3153 1308 3228; x_wconf 89' lang='lat' dir='ltr'><strong>crebra</strong></span> <span class='ocrx_word' id='word_1_89' title='bbox 1332 3177 1406 3226; x_wconf 89' lang='lat' dir='ltr'><strong>uon</strong></span> 
     </span>
     <span class='ocr_line' id='line_1_13' title="bbox 90 3271 1402 3376; baseline -0.004 -23"><span class='ocrx_word' id='word_1_90' title='bbox 90 3281 258 3376; x_wconf 86' lang='lat' dir='ltr'><strong>corporis</strong></span> <span class='ocrx_word' id='word_1_91' title='bbox 280 3289 435 3365; x_wconf 87' lang='lat' dir='ltr'><strong>tantum,</strong></span> <span class='ocrx_word' id='word_1_92' title='bbox 461 3273 658 3348; x_wconf 87' lang='lat' dir='ltr'><strong>sedetiam</strong></span> <span class='ocrx_word' id='word_1_93' title='bbox 691 3275 823 3375; x_wconf 86' lang='lat' dir='ltr'><strong>ingenii</strong></span> <span class='ocrx_word' id='word_1_94' title='bbox 847 3271 932 3348; x_wconf 88' lang='lat' dir='ltr'><strong>dote</strong></span> <span class='ocrx_word' id='word_1_95' title='bbox 959 3274 1189 3373; x_wconf 89' lang='lat' dir='ltr'><strong>pollentibus.</strong></span> <span class='ocrx_word' id='word_1_96' title='bbox 1250 3280 1302 3349; x_wconf 91' lang='lat' dir='ltr'><strong>lta</strong></span> <span class='ocrx_word' id='word_1_97' title='bbox 1324 3277 1402 3348; x_wconf 81' lang='lat' dir='ltr'><strong>Da-</strong></span> 
     </span>
     <span class='ocr_line' id='line_1_14' title="bbox 90 3393 1406 3497; baseline -0.005 -20"><span class='ocrx_word' id='word_1_98' title='bbox 90 3425 223 3476; x_wconf 90' lang='lat' dir='ltr'><strong>norum</strong></span> <span class='ocrx_word' id='word_1_99' title='bbox 245 3393 519 3493; x_wconf 82' lang='lat' dir='ltr'><strong>rempublicam,</strong></span> <span class='ocrx_word' id='word_1_100' title='bbox 534 3411 721 3495; x_wconf 86' lang='lat' dir='ltr'><strong>expectato</strong></span> <span class='ocrx_word' id='word_1_101' title='bbox 746 3397 841 3497; x_wconf 86' lang='lat' dir='ltr'><strong>regis</strong></span> <span class='ocrx_word' id='word_1_102' title='bbox 870 3395 1015 3488; x_wconf 86' lang='lat' dir='ltr'><strong>robore,</strong></span> <span class='ocrx_word' id='word_1_103' title='bbox 1041 3403 1172 3472; x_wconf 79' lang='lat' dir='ltr'><strong>vicaria</strong></span> <span class='ocrx_word' id='word_1_104' title='bbox 1195 3397 1406 3472; x_wconf 89' lang='lat' dir='ltr'><strong>tutabantur</strong></span> 
     </span>
     <span class='ocr_line' id='line_1_15' title="bbox 89 3501 956 3598; baseline -0.006 0"><span class='ocrx_word' id='word_1_105' title='bbox 89 3523 220 3598; x_wconf 85' lang='lat' dir='ltr'><strong>cilicia.</strong></span> <span class='ocrx_word' id='word_1_106' title='bbox 945 3501 956 3536; x_wconf 76' lang='lat'><em>¹</em></span> 
     </span>
    </p>

    <p class='ocr_par' dir='ltr' id='par_1_4' title="bbox 87 3637 1404 4110">
     <span class='ocr_line' id='line_1_16' title="bbox 224 3637 1403 3740; baseline -0.002 -24"><span class='ocrx_word' id='word_1_107' title='bbox 224 3644 323 3716; x_wconf 80' lang='lat' dir='ltr'><strong>Uxor</strong></span> <span class='ocrx_word' id='word_1_108' title='bbox 338 3637 486 3713; x_wconf 89' lang='lat' dir='ltr'><strong>Colonis</strong></span> <span class='ocrx_word' id='word_1_109' title='bbox 501 3656 579 3714; x_wconf 85' lang='lat' dir='ltr'><strong>crat</strong></span> <span class='ocrx_word' id='word_1_110' title='bbox 595 3643 764 3730; x_wconf 87' lang='lat' dir='ltr'><strong>Gotvara,</strong></span> <span class='ocrx_word' id='word_1_111' title='bbox 781 3665 863 3740; x_wconf 87' lang='lat' dir='ltr'><strong>quae</strong></span> <span class='ocrx_word' id='word_1_112' title='bbox 879 3644 1015 3713; x_wconf 77' lang='lat' dir='ltr'><strong>eximiae</strong></span> <span class='ocrx_word' id='word_1_113' title='bbox 1029 3643 1254 3740; x_wconf 84' lang='lat' dir='ltr'><strong>procacitatis</strong></span> <span class='ocrx_word' id='word_1_114' title='bbox 1271 3641 1403 3714; x_wconf 88' lang='lat' dir='ltr'><strong>sacun-</strong></span> 
     </span>
     <span class='ocr_line' id='line_1_17' title="bbox 88 3759 1404 3866; baseline -0.005 -25"><span class='ocrx_word' id='word_1_115' title='bbox 88 3767 153 3842; x_wconf 89' lang='lat' dir='ltr'><strong>dia</strong></span> <span class='ocrx_word' id='word_1_116' title='bbox 167 3761 433 3866; x_wconf 87' lang='lat' dir='ltr'><strong>quantumlibet</strong></span> <span class='ocrx_word' id='word_1_117' title='bbox 448 3759 597 3836; x_wconf 88' lang='lat' dir='ltr'><strong>disertos</strong></span> <span class='ocrx_word' id='word_1_118' title='bbox 622 3787 665 3836; x_wconf 87' lang='lat' dir='ltr'><strong>ac</strong></span> <span class='ocrx_word' id='word_1_119' title='bbox 678 3761 852 3862; x_wconf 87' lang='lat' dir='ltr'><strong>loquaces</strong></span> <span class='ocrx_word' id='word_1_120' title='bbox 877 3789 1049 3838; x_wconf 85' lang='lat' dir='ltr'><strong>enervare</strong></span> <span class='ocrx_word' id='word_1_121' title='bbox 1070 3764 1220 3840; x_wconf 75' lang='lat' dir='ltr'><strong>solebat</strong></span> <span class='ocrx_word' id='word_1_122' title='bbox 1281 3763 1404 3838; x_wconf 85' lang='lat' dir='ltr'><strong>Alter-</strong></span> 
     </span>
     <span class='ocr_line' id='line_1_18' title="bbox 88 3881 1404 3986; baseline -0.002 -24"><span class='ocrx_word' id='word_1_123' title='bbox 88 3885 373 3985; x_wconf 82' lang='lat' dir='ltr'><strong>eandoquippe</strong></span> <span class='ocrx_word' id='word_1_124' title='bbox 396 3881 520 3958; x_wconf 84' lang='lat' dir='ltr'><strong>efficax</strong></span> <span class='ocrx_word' id='word_1_125' title='bbox 542 3899 617 3958; x_wconf 86' lang='lat' dir='ltr'><strong>erat</strong></span> <span class='ocrx_word' id='word_1_126' title='bbox 642 3889 732 3958; x_wconf 91' lang='lat' dir='ltr'><strong>etin</strong></span> <span class='ocrx_word' id='word_1_127' title='bbox 747 3892 845 3960; x_wconf 87' lang='lat' dir='ltr'><strong>omni</strong></span> <span class='ocrx_word' id='word_1_128' title='bbox 859 3885 1157 3984; x_wconf 83' lang='lat' dir='ltr'><strong>disceptationum</strong></span> <span class='ocrx_word' id='word_1_129' title='bbox 1180 3910 1312 3986; x_wconf 83' lang='lat' dir='ltr'><strong>genere</strong></span> <span class='ocrx_word' id='word_1_130' title='bbox 1334 3911 1404 3960; x_wconf 89' lang='lat' dir='ltr'><strong>co-</strong></span> 
     </span>
     <span class='ocr_line' id='line_1_19' title="bbox 87 4005 1402 4110; baseline -0.002 -27"><span class='ocrx_word' id='word_1_131' title='bbox 87 4012 204 4110; x_wconf 75' lang='lat' dir='ltr'><strong>piosa.</strong></span> <span class='ocrx_word' id='word_1_132' title='bbox 264 4005 452 4107; x_wconf 75' lang='lat' dir='ltr'><strong>Pugnabat</strong></span> <span class='ocrx_word' id='word_1_133' title='bbox 465 4005 643 4105; x_wconf 88' lang='lat' dir='ltr'><strong>siquidem</strong></span> <span class='ocrx_word' id='word_1_134' title='bbox 659 4005 801 4099; x_wconf 87' lang='lat' dir='ltr'><strong>verbis,</strong></span> <span class='ocrx_word' id='word_1_135' title='bbox 823 4033 896 4082; x_wconf 95' lang='lat' dir='ltr'><strong>non</strong></span> <span class='ocrx_word' id='word_1_136' title='bbox 913 4007 1022 4084; x_wconf 92' lang='lat' dir='ltr'><strong>modo</strong></span> <span class='ocrx_word' id='word_1_137' title='bbox 1040 4009 1298 4107; x_wconf 83' lang='lat' dir='ltr'><strong>quaestionibus</strong></span> <span class='ocrx_word' id='word_1_138' title='bbox 1323 4009 1402 4082; x_wconf 87' lang='lat' dir='ltr'><strong>sre-</strong></span> 
     </span>
    </p>
   </div>
   <div class='ocr_carea' id='block_1_4' title="bbox 83 4271 1404 4998">
    <p class='ocr_par' dir='ltr' id='par_1_5' title="bbox 83 4271 1404 4998">
     <span class='ocr_line' id='line_1_20' title="bbox 137 4271 1404 4358; baseline -0.003 -18"><span class='ocrx_word' id='word_1_139' title='bbox 137 4275 301 4340; x_wconf 76' lang='lat' dir='ltr'><strong>&#39;coneordt</strong></span> <span class='ocrx_word' id='word_1_140' title='bbox 315 4279 466 4340; x_wconf 74' lang='lat' dir='ltr'><strong>Dacorum</strong></span> <span class='ocrx_word' id='word_1_141' title='bbox 482 4271 617 4352; x_wconf 80' lang='lat' dir='ltr'><strong>arbitrio]</strong></span> <span class='ocrx_word' id='word_1_142' title='bbox 633 4273 717 4358; x_wconf 81' lang='lat' dir='ltr'><strong>Ope·</strong></span> <span class='ocrx_word' id='word_1_143' title='bbox 822 4271 1034 4356; x_wconf 73' lang='lat' dir='ltr'><strong>&#39;Eccc‘clereutJ</strong></span> <span class='ocrx_word' id='word_1_144' title='bbox 1060 4277 1105 4337; x_wconf 81' lang='lat' dir='ltr'><strong>lta</strong></span> <span class='ocrx_word' id='word_1_145' title='bbox 1126 4272 1213 4338; x_wconf 85' lang='lat' dir='ltr'><strong>unica</strong></span> <span class='ocrx_word' id='word_1_146' title='bbox 1239 4273 1326 4336; x_wconf 82' lang='lat' dir='ltr'><strong>litera</strong></span> <span class='ocrx_word' id='word_1_147' title='bbox 1350 4295 1404 4338; x_wconf 83' lang='lat' dir='ltr'><strong>vo·</strong></span> 
     </span>
     <span class='ocr_line' id='line_1_21' title="bbox 85 4377 1402 4466; baseline -0.003 -20"><span class='ocrx_word' id='word_1_148' title='bbox 85 4401 159 4446; x_wconf 78' lang='lat' dir='ltr'><strong>ram</strong></span> <span class='ocrx_word' id='word_1_149' title='bbox 180 4392 211 4444; x_wconf 87' lang='lat' dir='ltr'><strong>et</strong></span> <span class='ocrx_word' id='word_1_150' title='bbox 229 4381 331 4446; x_wconf 89' lang='lat' dir='ltr'><strong>oleum</strong></span> <span class='ocrx_word' id='word_1_151' title='bbox 350 4377 480 4466; x_wconf 87' lang='lat' dir='ltr'><strong>perdere</strong></span> <span class='ocrx_word' id='word_1_152' title='bbox 505 4399 573 4457; x_wconf 87' lang='lat' dir='ltr'><strong>eos,</strong></span> <span class='ocrx_word' id='word_1_153' title='bbox 602 4377 716 4464; x_wconf 86' lang='lat' dir='ltr'><strong>quiex</strong></span> <span class='ocrx_word' id='word_1_154' title='bbox 776 4395 842 4441; x_wconf 86' lang='lat' dir='ltr'><strong>eom</strong></span> <span class='ocrx_word' id='word_1_155' title='bbox 863 4379 942 4442; x_wconf 90' lang='lat' dir='ltr'><strong>banc</strong></span> <span class='ocrx_word' id='word_1_156' title='bbox 964 4379 1032 4442; x_wconf 79' lang='lat' dir='ltr'><strong>auxi</strong></span> <span class='ocrx_word' id='word_1_157' title='bbox 1054 4391 1086 4442; x_wconf 90' lang='lat' dir='ltr'><strong>et</strong></span> <span class='ocrx_word' id='word_1_158' title='bbox 1110 4379 1310 4466; x_wconf 80' lang='lat' dir='ltr'><strong>locupletavi,</strong></span> <span class='ocrx_word' id='word_1_159' title='bbox 1343 4401 1402 4464; x_wconf 90' lang='lat' dir='ltr'><strong>qua</strong></span> 
     </span>
     <span class='ocr_line' id='line_1_22' title="bbox 85 4482 1402 4573; baseline -0.003 -23"><span class='ocrx_word' id='word_1_160' title='bbox 85 4487 188 4552; x_wconf 85' lang='lat' dir='ltr'><strong>bocoe</strong></span> <span class='ocrx_word' id='word_1_161' title='bbox 200 4486 270 4551; x_wconf 92' lang='lat' dir='ltr'><strong>loco</strong></span> <span class='ocrx_word' id='word_1_162' title='bbox 285 4485 400 4573; x_wconf 87' lang='lat' dir='ltr'><strong>aliquid</strong></span> <span class='ocrx_word' id='word_1_163' title='bbox 417 4485 455 4548; x_wconf 88' lang='lat' dir='ltr'><strong>ad</strong></span> <span class='ocrx_word' id='word_1_164' title='bbox 470 4483 629 4548; x_wconf 85' lang='lat' dir='ltr'><strong>historiam</strong></span> <span class='ocrx_word' id='word_1_165' title='bbox 643 4484 718 4567; x_wconf 82' lang='lat' dir='ltr'><strong>juris</strong></span> <span class='ocrx_word' id='word_1_166' title='bbox 778 4503 844 4546; x_wconf 86' lang='lat' dir='ltr'><strong>eam</strong></span> <span class='ocrx_word' id='word_1_167' title='bbox 873 4484 991 4567; x_wconf 74' lang='lat' dir='ltr'><strong>priores</strong></span> <span class='ocrx_word' id='word_1_168' title='bbox 1013 4482 1162 4548; x_wconf 88' lang='lat' dir='ltr'><strong>editiones</strong></span> <span class='ocrx_word' id='word_1_169' title='bbox 1187 4485 1402 4568; x_wconf 75' lang='lat' dir='ltr'><strong>spoliaverant.</strong></span> 
     </span>
     <span class='ocr_line' id='line_1_23' title="bbox 84 4587 1402 4680; baseline -0.003 -24"><span class='ocrx_word' id='word_1_170' title='bbox 84 4594 248 4656; x_wconf 73' lang='lat' dir='ltr'><strong>Dacorum</strong></span> <span class='ocrx_word' id='word_1_171' title='bbox 263 4593 381 4680; x_wconf 83' lang='lat' dir='ltr'><strong>publici</strong></span> <span class='ocrx_word' id='word_1_172' title='bbox 400 4589 642 4657; x_wconf 86' lang='lat' dir='ltr'><strong>constituendam</strong></span> <span class='ocrx_word' id='word_1_173' title='bbox 665 4590 718 4653; x_wconf 88' lang='lat' dir='ltr'><strong>eli·</strong></span> <span class='ocrx_word' id='word_1_174' title='bbox 778 4587 932 4657; x_wconf 22' lang='lat' dir='ltr'><strong>Exstabat,</strong></span> <span class='ocrx_word' id='word_1_175' title='bbox 946 4589 1026 4652; x_wconf 87' lang='lat' dir='ltr'><strong>euim</strong></span> <span class='ocrx_word' id='word_1_176' title='bbox 1047 4610 1106 4672; x_wconf 89' lang='lat' dir='ltr'><strong>pro</strong></span> <span class='ocrx_word' id='word_1_177' title='bbox 1120 4593 1297 4664; x_wconf 68' lang='lat' dir='ltr'><strong>excellerent,</strong></span> <span class='ocrx_word' id='word_1_178' title='bbox 1318 4588 1402 4675; x_wconf 89' lang='lat' dir='ltr'><strong>quod</strong></span> 
     </span>
     <span class='ocr_line' id='line_1_24' title="bbox 85 4691 1401 4780; baseline -0.004 -19"><span class='ocrx_word' id='word_1_179' title='bbox 85 4717 165 4761; x_wconf 81' lang='lat' dir='ltr'><strong>cero</strong></span> <span class='ocrx_word' id='word_1_180' title='bbox 178 4700 281 4779; x_wconf 81' lang='lat' dir='ltr'><strong>velint,</strong></span> <span class='ocrx_word' id='word_1_181' title='bbox 302 4721 338 4764; x_wconf 83' lang='lat' dir='ltr'><strong>ex</strong></span> <span class='ocrx_word' id='word_1_182' title='bbox 353 4699 423 4762; x_wconf 85' lang='lat' dir='ltr'><strong>crisi</strong></span> <span class='ocrx_word' id='word_1_183' title='bbox 438 4697 574 4761; x_wconf 74' lang='lat' dir='ltr'><strong>historie</strong></span> <span class='ocrx_word' id='word_1_184' title='bbox 583 4695 716 4760; x_wconf 86' lang='lat' dir='ltr'><strong>Frotbo·</strong></span> <span class='ocrx_word' id='word_1_185' title='bbox 775 4693 1006 4777; x_wconf 85' lang='lat' dir='ltr'><strong>ipsecontextus</strong></span> <span class='ocrx_word' id='word_1_186' title='bbox 1022 4691 1155 4780; x_wconf 81' lang='lat' dir='ltr'><strong>flagitat,</strong></span> <span class='ocrx_word' id='word_1_187' title='bbox 1169 4698 1401 4767; x_wconf 77' lang='lat' dir='ltr'><strong>oxcr&#39;deret,sen-</strong></span> 
     </span>
     <span class='ocr_line' id='line_1_25' title="bbox 83 4797 1400 4885; baseline -0.002 -19"><span class='ocrx_word' id='word_1_188' title='bbox 83 4804 137 4868; x_wconf 78' lang='lat' dir='ltr'><strong>nis</strong></span> <span class='ocrx_word' id='word_1_189' title='bbox 153 4803 186 4865; x_wconf 88' lang='lat' dir='ltr'><strong>iu</strong></span> <span class='ocrx_word' id='word_1_190' title='bbox 204 4805 284 4870; x_wconf 84' lang='lat' dir='ltr'><strong>notis</strong></span> <span class='ocrx_word' id='word_1_191' title='bbox 300 4805 491 4869; x_wconf 81' lang='lat' dir='ltr'><strong>uberioribus</strong></span> <span class='ocrx_word' id='word_1_192' title='bbox 511 4803 550 4867; x_wconf 88' lang='lat' dir='ltr'><strong>ad</strong></span> <span class='ocrx_word' id='word_1_193' title='bbox 569 4801 659 4866; x_wconf 87' lang='lat' dir='ltr'><strong>finem</strong></span> <span class='ocrx_word' id='word_1_194' title='bbox 680 4802 715 4866; x_wconf 89' lang='lat' dir='ltr'><strong>li·</strong></span> <span class='ocrx_word' id='word_1_195' title='bbox 775 4817 808 4860; x_wconf 79' lang='lat' dir='ltr'><strong>au</strong></span> <span class='ocrx_word' id='word_1_196' title='bbox 829 4797 961 4881; x_wconf 78' lang='lat' dir='ltr'><strong>genuino</strong></span> <span class='ocrx_word' id='word_1_197' title='bbox 985 4821 1109 4885; x_wconf 83' lang='lat' dir='ltr'><strong>prorsus</strong></span> <span class='ocrx_word' id='word_1_198' title='bbox 1136 4803 1328 4866; x_wconf 83' lang='lat' dir='ltr'><strong>reclamante.</strong></span> <span class='ocrx_word' id='word_1_199' title='bbox 1349 4799 1400 4879; x_wconf 88' lang='lat' dir='ltr'><strong>(S)</strong></span> 
     </span>
     <span class='ocr_line' id='line_1_26' title="bbox 84 4892 1256 4998; baseline -0.003 -25"><span class='ocrx_word' id='word_1_200' title='bbox 84 4907 137 4974; x_wconf 87' lang='lat' dir='ltr'><strong>bri</strong></span> <span class='ocrx_word' id='word_1_201' title='bbox 153 4911 251 4994; x_wconf 87' lang='lat' dir='ltr'><strong>quinti</strong></span> <span class='ocrx_word' id='word_1_202' title='bbox 267 4909 428 4977; x_wconf 81' lang='lat' dir='ltr'><strong>afferenda</strong></span> <span class='ocrx_word' id='word_1_203' title='bbox 444 4907 570 4998; x_wconf 88' lang='lat' dir='ltr'><strong>patebit.</strong></span> <span class='ocrx_word' id='word_1_204' title='bbox 1254 4892 1256 4900; x_wconf 43' lang='lat'><strong><em>¹</em></strong></span> 
     </span>
    </p>
   </div>
   <div class='ocr_carea' id='block_1_5' title="bbox 0 0 1728 5458">
    <p class='ocr_par' dir='ltr' id='par_1_6' title="bbox 0 0 1728 5458">
     <span class='ocr_line' id='line_1_27' title="bbox 0 0 1728 5458; baseline 0 7"><span class='ocrx_word' id='word_1_205' title='bbox 0 0 1728 5458; x_wconf 95' lang='lat' dir='ltr'><strong> </strong></span> 
     </span>
    </p>
   </div>
  </div>
 </body>
</html>
