3506 5458
523 313 770 390 uatmous
786 307 1091 406 enuntiantis.
1207 293 1210 302 '
1333 306 1407 425 atq
1532 279 1539 295 ’

138 551 234 604 auos
249 525 296 600 sd
311 524 359 618 id,
394 525 496 624 qood
513 531 628 602 minus
650 529 908 626 praesumebat,
939 535 1105 628 erigeret,
1137 543 1182 616 et,
1206 529 1456 628 quodpa'rum

143 650 371 750 professione
388 647 561 740 uoluerat,
585 651 724 748 plenius
740 651 950 749 experientia
965 647 1171 723 celebraret.
1222 653 1348 748 Neque
1364 655 1457 722 enirn

143 771 258 846 solida
279 777 396 861 virtus,
412 777 546 844 tametsi
563 770 824 867 detractionum
833 772 970 870 laqueis
987 773 1177 871 implicata,
1201 775 1332 870 justam
1348 773 1455 844 animi

141 895 312 972 fidutiam
330 894 487 993 abjicere
509 901 636 992 potuit.
697 898 790 988 Quin
812 901 916 972 etiam
933 921 977 968 eo
999 896 1148 986 certius,
1180 921 1255 994 qun
1280 893 1455 967 difficilius

141 1018 425 1115 experimentum
456 1022 603 1115 accepit.
682 1015 891 1092 Exhibitum
913 1021 1032 1114 itaque
1056 1018 1161 1090 Toto
1195 1015 1456 1090 adolescentem

142 1145 308 1212 attentius
342 1143 497 1230 monui,
531 1155 571 1214 ut
593 1147 706 1238 aequis
742 1140 892 1212 auribus
923 1141 1111 1238 capiteque
1141 1135 1316 1210 indeflexo
1344 1163 1455 1236 quam

141 1267 395 1360 patientissime
409 1268 595 1362 strepitum
610 1262 722 1361 jaculi
740 1265 906 1336 venientis
923 1267 1120 1359 exciperet,
1137 1285 1181 1334 ue
1206 1261 1276 1332 levi
1294 1261 1455 1357 corporis

34 1461 37 1467 ,
142 1399 243 1458 nrotu
257 1383 513 1458 efficacissimae
530 1389 613 1458 artis
633 1390 883 1485 experientiam
903 1385 1138 1458 frustraretur.
1193 1386 1367 1456 Praeterea
1382 1379 1452 1454 de-

143 1504 284 1578 mendae
301 1505 499 1580 formidinis
518 1508 707 1582 consilium
729 1509 1029 1604 circumspiciens,
1050 1505 1188 1580 vultum
1203 1507 1298 1603 ejus,
1322 1529 1367 1576 ne
1380 1510 1454 1578 viso

143 1629 216 1704 telo
230 1643 431 1720 terreretur,
451 1635 586 1703 avertit.
640 1631 771 1704 Tribus
789 1628 919 1702 deinde
940 1629 1073 1727 sagittis
1091 1628 1257 1726 pharetra
1275 1628 1455 1724 expositis,

136 1759 273 1852 'primm
300 1775 410 1850 quum
428 1775 542 1826 nervo
559 1755 717 1840 inseruit,
743 1757 930 1850 proposito
946 1750 1133 1824 obstaculo
1157 1747 1287 1822 incidit.
1339 1751 1405 1820 Cui
1425 1752 1454 1820 si

142 1878 287 1948 tortum
305 1889 413 1973 caput
429 1874 660 1949 adolescentis
677 1875 889 1974 objecisset,
925 1871 1024 1944 baud
1046 1871 1156 1946 dubie
1173 1873 1209 1944 in
1231 1859 1340 1970 patris
1352 1863 1455 1968 p'eri'-

142 1999 266 2073 culum
283 2005 351 2070 nati
379 2000 484 2094 poeira
507 1995 697 2088 recideret,
731 1997 932 2096 spiculique
954 2021 1054 2068 error
1077 2018 1325 2092 percussorem
1349 1996 1454 2066 erttto

140 2123 316 2196 sociasset.
368 2121 537 2194 Virtutem
555 2143 641 2218 ergo
658 2126 769 2217 putris
793 2147 838 2194 an
861 2123 1041 2218 ingenium
1063 2115 1126 2189 filii
1155 2117 1361 2214 impensiori
1382 2114 1454 2186 ad·-

142 2243 327 2316 miratione
346 2265 557 2340 prosequar,
573 2241 738 2340 ambigo,
770 2265 929 2339 quorum
950 2238 1038 2314 alter
1059 2241 1141 2312 artis
1167 2263 1243 2314 suae
1265 2237 1459 2336 prudentia·

140 2363 369 2468 parricidium
386 2369 490 2452 cavit,
504 2362 599 2436 -alter'
615 2365 776 2462 corporis
793 2365 971 2461 animique
984 2362 1149 2460 patientia
1165 2361 1233 2436 sibi
1250 2363 1455 2460 sospitatem
1516 2409 1517 2412 ,
1581 2449 1587 2462 Ι

140 2493 290 2589 peperit,
305 2491 396 2584 patri
413 2489 580 2585 pietatem
596 2493 758 2560 serravit.
805 2487 1011 2558 ¹Enimvero
1022 2483 1181 2582 juvenile
1198 2507 1331 2582 corpus
1353 2487 1454 2556 seni·-

140 2613 213 2686 lem
228 2615 386 2683 antimum
407 2607 600 2700 roboravit,
622 2623 761 2680 tantum
785 2605 995 2682 fortitudinis
1020 2608 1055 2676 in
1086 2605 1307 2704 expectando
1333 2607 1454 2706 jaculo

141 2733 334 2823 exhibens,
367 2749 541 2830 quantam
572 2735 705 2830 peritiae
723 2747 824 2831 pater
848 2725 1086 2804 inemittendo
1113 2727 1323 2826 praebuerat.
1380 2733 1452 2802 Ita·-

141 2883 217 2955 que
241 2859 444 2927 constantiae
462 2877 537 2926 sure
546 2852 733 2944 beneficio,
757 2878 803 2928 ne
818 2854 884 2927 sibi
907 2855 1070 2951 spiritus,
1100 2853 1190 2948 putri
1219 2852 1315 2924 salus
1331 2857 1454 2950 eripe-

142 2995 251 3066 retur,
264 2977 388 3050 ellecit.
441 2980 679 3075 interrogatus
699 2991 816 3049 autem
835 3001 856 3048 a
875 3001 961 3076 rege
979 2976 1120 3066 Toko²,
1146 3001 1213 3048 cur
1228 2975 1330 3075 plura
1355 2973 1454 3072 pha-

143 3117 246 3174 retrae
263 3101 401 3197 spicula
416 3097 635 3186 detraxisset,
649 3123 730 3169 cum
740 3098 916 3169 fortunam
930 3099 1153 3172 arcussemel
1163 3098 1450 3194 duntaxatexpe-

142 3225 292 3296 rimento
311 3225 480 3319 prosequi
496 3217 699 3308 debuisset,
726 3221 823 3291 Utin
842 3234 887 3310 te,
903 3223 1028 3318 inquit,
1054 3225 1157 3322 primi
1183 3245 1339 3296 errorem
1363 3217 1455 3304 reli-

143 3325 484 3446 quorumacumine
501 3339 728 3430 viridicarem,
747 3367 790 3414 ne
807 3368 884 3418 mea
908 3343 995 3416 sorte
1013 3349 1207 3418 innocentia
1224 3367 1380 3442 poenam,
1394 3356 1455 3417 tua

143 3465 391 3566 impunitatem
409 3464 628 3562 experiretur
653 3464 826 3538 violentia.
887 3469 969 3558 Quo
990 3483 1062 3540 tam
1077 3465 1193 3540 libero
1210 3465 1309 3539 dicto
1330 3479 1364 3537 et
1387 3461 1452 3538 eibi

142 3587 359 3664 fortitudinis
375 3588 516 3662 titulant
532 3585 657 3660 deberi
670 3585 794 3662 docuit
820 3605 854 3662 et
871 3591 963 3687 regis
978 3592 1165 3686 imperium
1181 3611 1291 3687 poena
1306 3586 1454 3686 dignum

141 3711 306 3786 ostendit.
365 3710 435 3784 Sed
458 3715 499 3786 iis
522 3716 769 3785 necessitatum
789 3711 956 3811 procellis
983 3727 1124 3784 erutum
1156 3710 1266 3809 paulo
1292 3724 1373 3808 post
1389 3709 1455 3807 pai·

141 3833 228 3908 muli
247 3849 440 3932 tempestas
464 3832 645 3928 implicuit.
705 3833 863 3908 Humido
879 3839 974 3906 euim
990 3835 1068 3934 ejus
1083 3859 1122 3907 se
1139 3833 1241 3924 artis,
1265 3859 1337 3934 qua
1352 3837 1452 3903 Firmi

141 3955 278 4031 nivales
300 3955 410 4029 saltus
446 3972 656 4054 peragrant,
687 3957 889 4054 peritiorem
917 3959 1055 4056 jactanti
1092 3955 1197 4029 Tolm
1227 3957 1261 4029 in
1284 3953 1455 4028 consimili

142 4105 275 4182 gernere
290 4077 406 4152 laudis
424 4101 525 4150 suam
545 4101 654 4150 ausus
665 4079 829 4180 conferre
849 4081 1049 4174 vi1·tutem,a
1056 4077 1132 4178 pud
1147 4077 1290 4151 Kollam
1300 4105 1340 4150 ru
1346 4084 1452 4176 pem²

193 4379 420 4458 'iuterrogatus
439 4399 458 4436 a
479 4397 547 4456 rege
565 4369 654 4450 Toko]
674 4372 768 4436 Plura
831 4371 985 4436 montorio
1008 4371 1172 4436 Scevenico
1203 4369 1241 4432 ud
1265 4356 1456 4436 &rutundam

143 4481 183 4543 de
210 4481 306 4544 hocce
333 4477 468 4542 'l'oltonis
496 4473 631 4540 latinore
664 4477 722 4542 rid.
740 4479 771 4540 in
830 4478 1001 4564 conspicua.
1028 4474 1077 4560 (S)
1092 4479 1179 4557 ituit,
1198 4477 1342 4566 islandiae
1358 4483 1456 4553 Kollr,

144 4597 210 4649 not.
233 4583 317 4648 uber.
831 4595 876 4646 est
893 4593 1009 4663 vertex,
1034 4581 1128 4667 igitur
1151 4603 1239 4646 sensu
1265 4583 1455 4648 eminentiori

189 4695 305 4781 ’Apud
316 4693 431 4755 Kollam
448 4687 559 4777 rupem]
580 4695 684 4777 Rupes
702 4693 769 4757 haec
829 4709 919 4774 rupes
927 4689 979 4751 illa
988 4690 1029 4753 ita
1044 4687 1165 4769 dicitur,
1182 4689 1265 4783 quod
1281 4691 1396 4753 nullum
1412 4691 1454 4754 al-

142 4799 297 4862 insuauia
320 4796 424 4861 visitur
446 4807 477 4857 et
498 4797 682 4862 nostratibus
697 4799 770 4862 ttul-
829 4795 889 4859 tius
915 4815 1057 4859 cacumen
1087 4793 1118 4860 in
1143 4819 1252 4881 magno
1276 4793 1454 4860 circuituro

142 4903 193 4966 len
212 4903 403 4988 appellatur,
428 4902 638 4987 navigantibus
666 4929 770 4991 apro·
831 4901 1076 4986 conspiciendum
1091 4901 1218 4988 praebet.
