3446 5458
600 275 790 382 nnonuo
813 237 888 352 111(
1256 279 1331 350 aas

99 508 208 562 reema
230 487 306 578 ffic,
336 489 395 576 ait,
419 483 569 562 henne
584 485 707 560 Ericus
732 497 793 579 est,
819 509 933 586 aquo
949 483 1059 560 filiam
1074 499 1193 560 meana·
1213 483 1293 560 falsi
1306 489 1383 560 cri-

100 611 191 684 mina
203 591 437 684 halmalatam
453 613 586 706 accepi.
645 610 712 701 Qui
731 609 899 682 contiuuo
918 607 1045 710 prendi
1061 611 1193 710 justin,
1217 633 1290 680 non
1312 607 1383 679 de-

96 755 178 822 cere,
201 731 327 830 iuquit,
350 757 464 804 unum
479 730 680 829 aplurlhus
696 731 822 832 abripi.
873 737 955 828 Quo
976 732 1070 826 dicto
1089 758 1162 806 non
1186 731 1296 806 modo
1319 757 1384 804 re-

99 853 313 952 gisauimum
335 852 583 954 complacavit,
609 853 673 928 sed
689 856 796 928 etiam
822 853 870 928 ad
892 853 1094 956 ignoscendi
1119 855 1187 928 sihi
1204 852 1384 930 -volunu-

99 992 161 1048 tem
174 975 348 1074 perduxit
386 977 498 1075 Cujus
511 978 727 1075 impunitatis
743 1001 888 1052 eaumm
902 979 1019 1079 potius
1035 1003 1057 1050 a
1073 975 1260 1052 calliditate
1275 1001 1383 1075 quam

97 1095 331 1171 benevolentia
353 1098 549 1196 profectam
562 1085 767 1191 constabat,
802 1125 885 1174 eum
900 1101 950 1172 oh
966 1098 1036 1174 hoc
1058 1099 1383 1190 maximc‘dimit'te·

98 1235 198 1311 rear,
220 1222 269 1314 [ut
289 1223 318 1292 F
320 1220 505 1294 rothonem
521 1223 703 1294 'nunciate
725 1221 954 1298 multitudinis
975 1249 1119 1297 rumore
1142 1237 1296 1298 terreret.
1354 1227 1384 1294 A

98 1367 163 1440 quo
177 1367 260 1416 oum
270 1367 433 1418 reversus
448 1343 629 1442 explorata
646 1345 777 1418 referre
796 1345 994 1448 juberetur,
1023 1373 1083 1420 sex
1098 1345 1261 1420 classium
1279 1355 1386 1420 senos'

98 1493 208 1568 reges,
240 1492 434 1565 earumque
448 1466 645 1565 quamlibet
667 1470 776 1566 quina
798 1469 943 1542 navium
964 1469 1072 1542 millia
1093 1467 1384 1568 complectentem

97 1589 216 1668 vidisse
237 1615 277 1665 se
298 1591 432 1677 retulit,
464 1615 619 1689 quarum
642 1613 934 1691 unamquamque
954 1608 1190 1696 trecentorum
1212 1593 1386 1691 remigum

97 1732 257 1812 capacem
273 1737 348 1787 esse
364 1729 550 1822 constaret.
616 1713 816 1807 Quemlibet
828 1739 914 1790 vero
927 1721 1036 1790 totius
1052 1741 1200 1790 sununae
1218 1712 1384 1786 millena-

96 1841 179 1910 rinm
196 1841 375 1936 quaternis
391 1833 455 1910 alis
470 1838 640 1910 contineri
654 1834 805 1910 dicebat
883 1838 1033 1914 Volebat
1054 1855 1171 1912 autem
1185 1835 1384 1910 millenari-

98 1959 260 2034 nm'mille
279 1985 321 2032 ac
337 1958 570 2033 ducentorum
597 1983 765 2059 capacem
781 1959 963 2060 intelligia
986 1988 1070 2036 cum
1088 1961 1144 2036 ala
1171 1964 1286 2036 omnis
1304 1975 1384 2034 tre·

98 2097 270 2156 emturum
292 2105 443 2154 numero
468 2082 699 2180 compleatur.
766 2084 960 2156 cunctante
982 2109 1069 2158 vero
1084 2083 1275 2177 Frothone,
1299 2079 1386 2180 quid

22 2285 23 2288 Ἴ
98 2220 210 2278 contra
233 2219 285 2278 tot
316 2220 460 2277 acturus
489 2223 596 2298 esset,
629 2209 862 2302 attentiusque
885 2204 1043 2278 subsidia
1076 2208 1386 2305 circumspiciente,
1516 2194 1518 2202 ’

96 2326 258 2419 Probum,
284 2330 397 2425 inquit
414 2331 547 2418 Ericus,
572 2327 720 2400 audacia
742 2328 861 2424 javan
882 2329 955 2400 acri
981 2353 1066 2402 cane
1085 2327 1320 2428 occupandus
1336 2343 1386 2400 est

98 2473 211 2544 tusus3
235 2449 396 2524 molossis
413 2455 559 2548 quippe,
591 2475 665 2524 nou
687 2448 889 2524 imbellibus
911 2449 1059 2524 aviculis
1081 2475 1174 2550 opus
1194 2467 1255 2525 est
1306 2453 1387 2544 Quo

96 2570 179 2646 duo
195 2571 365 2648 Frothoni
388 2570 639 2648 contrahendae
664 2571 784 2648 classis
808 2571 989 2645 consilium
1007 2573 1170 2671 praebuit
1230 2577 1310 2666 Qua
1326 2575 1387 2644 in·-

96 2709 220 2772 structa
234 2694 422 2770 adversum
438 2693 578 2773 hostem
591 2697 767 2796 navigatio
789 2694 953 2770 tenditur.
1012 2699 1122 2795 lgitur
1138 2693 1280 2789 insulas,
1304 2719 1386 2793 quae

94 2817 239 2890 Daniam
253 2820 501 2916 orientemque
517 2820 728 2906 interiacent,
753 2817 883 2916 praeliis
897 2817 1075 2918 subigunt.
1133 2817 1234 2892 Unde
1242 2825 1387 2917 'proce-

76 2937 211 3014 ‚dentes
225 2963 332 3012 naves
353 2939 491 3039 aliquot
507 2939 680 3014 Ruthenae
710 2941 828 3014 classis
853 2937 1044 3014 offendunt.
1121 2945 1280 3033 Quarum
1304 2965 1388 3014 cum

94 3063 222 3137 Frotho
243 3067 454 3163 paucitatem
478 3064 652 3138 incessere
671 3062 831 3139 deforme
859 3062 1030 3157 duxisset,
1055 3066 1086 3136 A
1108 3041 1249 3156 mamm
1275 3068 1388 3162 inquit

94 3185 225 3277 Ericus,
247 3202 282 3259 et
296 3185 392 3257 tenni
405 3182 574 3282 petendus
589 3202 641 3260 est
656 3185 791 3260 cibus².
850 3189 945 3260 Raro
966 3185 1179 3287 pinguescet,
1205 3186 1268 3284 qui
1283 3182 1388 3260 cadit.

92 3455 212 3540 haunit]
230 3459 307 3522 Cum
325 3454 371 3520 hir
399 3455 460 3519 dno
474 3456 578 3542 adagia
597 3459 711 3522 Danica
769 3481 819 3522 um
843 3457 1016 3536 habentus
1040 3457 1302 3544 comprehendunt
1335 3459 1390 3522 tri·

92 3563 222 3628 conferri
238 3575 401 3640 merentur,
421 3584 490 3648 quae
504 3565 636 3626 serravit
654 3567 712 3626 Pe·
770 3564 853 3648 ginta
884 3563 1005 3630 navium
1033 3561 1136 3626 millia.
1176 3562 1237 3626 Sed
1261 3562 1389 3648 singulte

90 3667 710 3755 trusSeptimiuafflanslteOrdsprogvol.
767 3667 911 3734 chiliades
935 3669 1086 3754 iu‚claase
1114 3669 1296 3732 Hunnorum
1324 3689 1388 3733 aaa

88 3777 101 3838 1
116 3797 146 3860 p.
159 3772 236 3854 245)
246 3775 399 3840 Sorendes
414 3776 472 3843 Ulv
483 3773 569 3838 hider
584 3775 611 3838 ei
627 3797 710 3838 mun·
766 3786 858 3839 nente
880 3777 997 3838 Saxone
1020 3775 1103 3836 mille
1131 3785 1163 3836 et
1191 3771 1389 3840 ducentorum

89 3899 125 3963 ge
140 3884 215 3964 Dyr.
265 3881 421 3966 Liggende
441 3882 499 3944 Uli
519 3861 655 3944 llommer
683 3880 710 3942 ei
767 3895 854 3948 erant
868 3877 1389 3966 capacmtdehacoovetunaoon-

88 3988 161 4052 tam
177 3987 308 4050 libende
322 3988 334 4050 i
348 3984 468 4058 Munda.
768 3987 894 4072 putendi
907 3986 1025 4050 ratione
1039 3983 1100 4046 vid.
1124 3995 1187 4048 not.
1202 3983 1300 4062 uben).
1320 3983 1388 4064 rgi—
1411 4020 1419 4033 ·

131 4097 354 4160 ¹Mt'llenariam
370 4097 446 4158 nrrlle
470 4109 506 4156 cc
526 4093 711 4154 dacerrtoram
770 4105 821 4159 tur
847 4091 972 4176 triginta
1007 4075 1222 4154 talesnavlum
1243 4087 1389 4152 chiliades
1453 4079 1464 4102 ⁰

86 4221 223 4286 capacem
246 4196 385 4283 tittelligi]
409 4201 528 4264 Voeato
558 4195 595 4277 ad
618 4195 710 4258 ratio·
768 4198 939 4266 effecerunt
961 4215 1108 4286 summam
1134 4189 1237 4263 00000
1259 4193 1389 4270 nasim,
1438 4273 1450 4297 δ

87 4325 159 4368 uem
183 4307 301 4371 calculo
325 4305 515 4390 reperientur
533 4307 565 4368 in
592 4305 710 4388 agmine
768 4325 897 4380 querum
915 4302 1041 4386 singulae
1061 4297 1124 4362 300
1149 4299 1319 4362 hahuerunt
1342 4309 1409 4398 qe·
1465 4329 1469 4340 ·

85 4415 279 4495 Hunnorum,
295 4410 496 4496 nonquam,
512 4421 711 4494 utcompnta·
769 4410 870 4492 miger.
891 4447 896 4459 ›
920 4412 1072 4470 Praeterea
1097 4399 1271 4493 unaqntatis
1286 4400 1392 4467 chilias‘
1428 4429 1448 4460 ·.
1474 4475 1478 4486 .

86 4518 130 4580 n‘t
150 4517 223 4592 Joh.
236 4513 477 4600 latuenhergins
495 4517 526 4580 in
545 4516 624 4580 nous
640 4517 707 4578 Ste·
765 4526 926 4597 quaternas
953 4511 1128 4576 continebat
1156 4511 1234 4588 alas,
1260 4515 1390 4594 querulo

85 4620 197 4707 phanli
207 4623 456 4707 adhuaolocum,
473 4619 637 4700 9000,ωο
656 4619 709 4684 sed
765 4617 891 4703 singulae
906 4598 1111 4680 ducentorum
1126 4617 1247 4682 narium
1262 4635 1389 4682 numero
1445 4649 1448 4656 ·

88 4710 276 4807 10800000
289 4729 398 4816 capita.
454 4730 577 4797 Etenim
600 4726 709 4797 dolas·
765 4724 930 4813 constabat.
1054 4711 1057 4720 “
1166 4802 1171 4812 ¹
1321 4782 1328 4796 ‚
1369 4790 1374 4803 Δ

83 4857 151 4912 sesa
199 4837 323 4922 singulas
348 4837 482 4933 quinque
509 4835 613 4909 millia.
628 4831 710 4896 navi·
813 4835 867 4894 ²'A
880 4840 976 4929 prdem
991 4846 1018 4894 ἐι
1036 4835 1117 4901 tertul
1132 4833 1276 4924 Νςιιᾶω
1290 4849 1333 4893 est
1347 4837 1388 4892 ce'·
