3506 5458
696 281 914 350 canutus,
1335 287 1410 358 519

147 487 1042 589 maamtormuatmopemmederempinteame,
1050 481 1460 600 regennarum-agente,

144 619 317 712 ignarum
326 617 483 713 gessisse
498 614 644 688 militem
651 611 864 704 riderentur,
880 639 957 712 quo
972 619 1173 712 promptius
1190 621 1227 688 in
1242 638 1332 708 eam,
1349 641 1464 715 quam

145 733 266 808 hostes
282 753 555 834 occupaverant,
571 733 724 811 insulam
738 737 948 834 trajicerent,
970 733 1077 807 abant
1092 736 1208 814 eidem
1225 741 1387 813 vicinam
1397 743 1458 814 iu·
1477 751 1482 766 '

143 859 257 956 gressi
295 856 455 932 medium
489 859 603 932 amnis
634 861 792 955 spatium
818 856 1055 930 contabulatis
1086 859 1243 932 molibus
1264 867 1458 936 sternunt¹.

72 973 75 980 ’
143 979 402 1078 fflicsiquidem
418 978 560 1069 fluvius,
577 979 682 1051 latius
693 978 918 1054 manantibus
929 957 1042 1079 aquis,
1059 986 1172 1052 amnis
1186 981 1335 1056 modum
1350 1009 1457 1058 exce-

144 1103 234 1176 dens
260 1108 411 1202 ingentis
441 1108 552 1200 stagni
576 1104 732 1200 speciem
748 1099 895 1199 praebet.
951 1105 1044 1176 Tum
1066 1100 1285 1194 Ulro'suos,
1313 1133 1359 1182 ne
1381 1108 1456 1182 ho-

143 1243 233 1302 stem
249 1241 372 1323 coepto
398 1224 643 1314 deturbarent,
666 1223 879 1314 admonitos,
895 1228 1124 1324 trajicientem
1153 1225 1231 1298 telis
1254 1231 1393 1302 eminus
1415 1255 1457 1304 ac

145 1352 279 1450 sagittis
295 1355 471 1420 incessere
487 1346 599 1446 jubet,
617 1345 779 1420 futurum
795 1345 908 1420 taliter
924 1350 1108 1447 inquiens,
1136 1364 1174 1423 ut
1195 1351 1274 1448 ipse
1294 1377 1361 1426 sua
1387 1354 1453 1428 sibi

143 1497 253 1546 manu
278 1468 437 1542 ultimam
467 1469 529 1542 lati
556 1471 719 1544 semitam
748 1487 908 1547 strueret
982 1475 1174 1572 Progressa
1204 1499 1290 1548 vero
1314 1474 1456 1576 longius

143 1619 267 1693 opere,
287 1592 397 1666 veluti
414 1608 558 1666 nostros
575 1592 722 1666 transitu
739 1592 996 1690 prohibiturus,
1017 1600 1053 1668 in
1075 1593 1228 1668 adversa
1251 1602 1328 1695 ripa
1356 1595 1456 1695 pha·-

143 1717 285 1816 langem
309 1713 465 1812 explicat.
531 1717 613 1808 Quo
637 1720 715 1788 viso
738 1717 843 1808 Dani,
873 1716 1069 1814 trajiciendi
1097 1716 1301 1815 cupidiores
1330 1719 1455 1808 effecti,

141 1841 345 1936 frequentes
362 1861 558 1912 oneravere
573 1854 730 1936 pontem.
787 1837 856 1910 Ubi
879 1837 966 1911 dunt
982 1841 1169 1931 conserti2,
1184 1839 1259 1930 sed,
1281 1843 1319 1912 in
1343 1864 1454 1938 quam

142 1959 388 2062 periculosum
412 1963 479 2034 iter
502 1959 811 2060 progrederentur,
834 1962 946 2060 ignari
986 1959 1122 2034 bellurn
1143 1963 1310 2034 instanter
1334 1986 1455 2060 appe—

141 2099 229 2176 tunt,
250 2083 372 2160 subito
389 2080 571 2156 desidente
585 2087 762 2182 congerie,
778 2087 868 2154 inter
889 2082 1004 2156 undas
1020 2082 1167 2158 avidum
1192 2109 1325 2184 pugnae
1342 2085 1455 2181 spiri-

142 2225 221 2282 tnm
245 2205 499 2304 deposuerunt.
560 2206 596 2275 Si
614 2229 725 2303 quem
746 2228 833 2278 vero
858 2205 914 2300 (ut
940 2207 976 2276 in
998 2229 1043 2278 eo
1069 2205 1270 2280 discrimine
1294 2205 1456 2278 accidere

140 2329 244 2426 solet)
260 2327 371 2402 semel
385 2327 433 2400 ad
448 2349 630 2402 summum
648 2325 776 2400 fluetus
792 2324 920 2420 retulit,
940 2328 1104 2425 protinus
1118 2326 1260 2404 alterius
1274 2326 1454 2425 amplexi·-
1518 2409 1526 2420 .

140 2631 194 2718 qui
214 2625 372 2690 historiam
398 2621 472 2686 belli
496 2624 538 2685 ite
559 2636 770 2702 narraverunt,
829 2639 859 2684 et
887 2648 1011 2707 mugnus
1039 2625 1195 2686 admodum
1220 2629 1364 2687 eserct'tus
1393 2641 1454 2683 tam

142 2749 176 2800 ut
192 2732 340 2819 imprimis
360 2751 408 2794 res
426 2731 464 2792 ab
479 2731 587 2808 Olaro,
601 2749 673 2814 rege
691 2734 770 2792 Nor·
830 2737 978 2792 terrestris
999 2753 1084 2814 qaam
1098 2733 1214 2792 reovalis
1227 2731 1262 2792 cle
1273 2733 1383 2792 Svecrir.
1408 2729 1455 2790 lbi

143 2844 249 2928 tegite,
265 2852 364 2924 gestas
384 2836 592 2915 celebrarent,
620 2837 767 2899 de'hocee
828 2853 924 2898 autem
944 2841 1221 2924 vt'riqaamplnrimi
1242 2861 1260 2898 a
1277 2855 1369 2922 parte
1395 2835 1453 2898 Ca·

140 2950 249 3036 prelio
268 2945 372 3008 Svecis
399 2945 503 3028 iniquo
530 2954 642 3006 tacent.
706 2931 768 3005 Sed
827 2949 895 3004 nati
917 2948 995 3026 regis
1026 2945 1177 3026 interfecti
1196 2961 1265 3004 suat
1284 2960 1343 3004 tam
1372 2945 1456 3002 Dani

142 3060 209 3120 brec
220 3051 347 3118 victoria
361 3053 503 3113 aCanuto
515 3061 671 3134 reportata
686 3048 767 3132 opti·
827 3071 912 3132 quarn
938 3052 1050 3132 Angli,
1077 3067 1106 3112 et
1127 3051 1217 3115 daedi
1246 3052 1308 3112 loco
1331 3049 1452 3130 saneris

139 3184 189 3228 me
216 3159 346 3246 quadrat
373 3158 405 3220 in
432 3165 530 3218 totam
562 3155 767 3218 narrationem
828 3157 972 3216 dominati
997 3173 1073 3218 sunt.
1144 3151 1265 3232 (Conir.
1291 3152 1451 3218 Wilhelm.

139 3266 312 3334 Snotronis.
367 3265 410 3324 ita
435 3264 515 3325 enim
535 3262 767 3325 meliusintelli-
826 3260 1020 3324 Malmesbur.
1048 3260 1100 3322 lib.
1127 3263 1203 3344 ttp.
1224 3255 1264 3320 41
1294 3255 1343 3336 B).
1390 3259 1450 3320 lta-

139 3377 235 3460 gitur·,
254 3391 308 3432 cur
326 3389 413 3454 reges
436 3368 695 3444 sociiCanutum,
716 3369 767 3430 ad·
827 3367 942 3428 tionem
974 3367 1063 3448 hujus
1090 3387 1202 3449 pugnas
1227 3367 1343 3428 Snorro
1365 3366 1451 3426 Stur-

141 3499 227 3542 rersa
249 3475 372 3538 ior-tuna
393 3474 472 3558 apud
495 3476 613 3536 amnem
634 3475 764 3558 Helgam
825 3471 898 3534 lmus
911 3473 1014 3557 paullo
1028 3471 1147 3556 plenius
1164 3471 1300 3556 exponit,
1317 3491 1451 3554 narrans,

140 3607 237 3660 mum,
259 3581 438 3666 reliquerint
453 3581 608 3642 intactum.
633 3581 766 3642 Annales
825 3587 1038 3660 strategemate
1062 3578 1099 3640 ab
1119 3581 1218 3644 olavo
1244 3599 1316 3662 rege
1336 3581 1450 3640 Narve-

139 3691 259 3760 Srecici
275 3699 515 3752 commemorant
528 3686 656 3762 cladem,
669 3685 766 3748 sedad
826 3685 885 3768 gire
904 3685 1076 3767 excogitato
1098 3687 1211 3747 multos
1240 3689 1343 3746 ltunos
1368 3685 1452 3766 aquis

139 3794 329 3872 Emundnm,
352 3791 479 3855 fratrem
504 3807 535 3853 ct
563 3813 766 3857 successorem
827 3787 919 3850 titisse
952 3787 1125 3851 submersos
1170 3811 1318 3874 iratesque
1347 3810 1450 3852 coram

139 3903 284 3979 Omundi,
296 3899 443 3964 rel'crunt.
828 3896 979 3975 disjectas,
994 3917 1090 3980 neque
1105 3909 1206 3959 tamen
1218 3898 1339 3979 plenam
1357 3895 1450 3956 victo-

166 4018 196 4079 ..¹
215 4011 345 4074 Mediam
372 4012 466 4069 mirtu's
492 4013 619 4090 ,epatium
650 4009 769 4068 molibus
828 4003 903 4064 tiam
919 4025 935 4064 a
950 4003 1072 4084 regibus
1090 4003 1177 4064 sociis
1200 4001 1291 4062 luisse
1316 4013 1451 4082 reporta-

138 4114 286 4196 stermmt]
310 4110 435 4177 cladem
459 4137 475 4174 a
499 4116 617 4174 Canuto
636 4112 667 4172 in
689 4113 768 4172 ostio
829 4121 899 4170 tam.
945 4107 1063 4168 Eodem
1084 4110 1242 4170 Snorrone
1271 4118 1347 4168 teste
1374 4107 1450 4168 Utro

139 4220 225 4284 ilarii
241 4222 350 4304 Helgas
363 4229 518 4302 acceptam
530 4229 768 4280 commemorant
828 4214 858 4273 in
886 4213 980 4273 hocce
1003 4213 1110 4294 praelio
1136 4235 1152 4273 n
1181 4225 1268 4297 parte
1297 4217 1450 4274 banorum

138 4329 231 4390 etiam
250 4327 415 4410 scriptores
435 4324 539 4386 exteri.
593 4321 768 4386 Chronicon
826 4317 911 4380 stetit
943 4329 974 4379 et
995 4317 1118 4380 litrtiter
1148 4341 1206 4402 pro
1228 4320 1323 4380 salute
1343 4321 1451 4380 Cariati

136 4430 320 4510 strantes.
334 4431 465 4510 Gibann)
479 4429 517 4492 ad
538 4449 649 4491 annam
672 4423 766 4488 1095:
825 4423 988 4486 dimicarit.
1010 4425 1103 4502 (Hist.
1119 4445 1182 4506 reg.
1200 4428 1330 4508 Norreg.
1351 4424 1412 4486 vot
1427 4425 1450 4484 ΙΙ

136 4543 204 4601 Hoc
218 4562 296 4600 anno
313 4543 366 4600 icit
388 4541 519 4602 Carnam
538 4561 589 4597 rec
603 4535 646 4598 ad
656 4537 769 4594 Derane·
827 4551 858 4614 p.
873 4527 935 4592 270
953 4527 1052 4614 aequ.)

137 4651 277 4708 mareiam
304 4636 381 4706 cnm'
398 4645 520 4706 nauibus
550 4645 592 4704 ad
614 4643 767 4726 planitiam

130 4753 224 4830 jttxtn
235 4753 364 4832 fluvium
390 4765 521 4812 salictum
545 4743 695 4827 (belgas),
721 4745 770 4804 att
873 4741 1043 4824 ²Cattscrtl]
1071 4739 1105 4802 ld
1126 4753 1172 4802 est
1200 4767 1328 4803 colinam.
1384 4745 1451 4802 bie·

137 4860 277 4922 emersus
291 4881 358 4919 eata
390 4859 466 4918 uenit
486 4855 575 4938 lllfas
597 4869 624 4914 et
641 4853 764 4932 ligrlatus
826 4847 956 4939 pbattius
969 4845 1152 4931 corrigendo
1166 4849 1463 4932 posueratrmp'ertn,
