3446 5458
611 317 902 394 VERMUNDUS.
1285 319 1356 396 tot

97 543 262 627 nequeat.
316 528 433 618 Quam
455 524 707 629 indulgentiam
730 534 821 604 Keto
846 534 892 604 ita
919 543 1098 604 aversatus
1116 543 1177 620 est,
1203 544 1242 602 ut
1256 533 1355 630 prius
1369 557 1407 607 se
1498 603 1501 606 .

96 650 171 724 fato
199 673 311 748 quam
325 673 367 722 ea
382 673 531 725 usurum
557 667 758 747 testaretur,
782 651 939 728 oblatam
955 651 1149 724 certaminis
1166 652 1406 728 conditionem

96 777 182 846 vitio
199 771 271 848 sibi
286 769 490 846 vertendam
504 773 712 852 exstuans.
735 771 1016 870 Qtemarhtstus
1030 797 1177 846 manum
1195 799 1315 848 secum
1335 801 1406 850 cu-

95 893 218 992 pidius
232 909 474 968 canescentem
487 893 650 972 modesto
667 922 802 998 pugnae
819 923 949 997 genere
964 896 1124 994 excipere
1144 900 1302 994 cupiens,
1324 899 1408 998 cly-

94 1041 209 1115 pum
220 1017 300 1115 ejus
317 1013 484 1094 duntaxat
498 1017 622 1093 adacto
647 1017 760 1096 levius
773 1044 942 1096 mucrone
955 1017 1195 1110 converberat,
1219 1023 1409 1094 animosior

94 1139 219 1216 salub's
246 1163 322 1214 suae
348 1163 458 1236 quam
480 1137 653 1236 efficacior
678 1139 853 1216 defensor.
913 1145 994 1236 Quo
1019 1136 1155 1214 diutule
1180 1157 1292 1238 gesto,
1319 1169 1407 1216 mo-

94 1279 165 1356 uet,
183 1264 236 1338 uti
246 1261 390 1336 struem
405 1263 511 1360 eoepti
520 1279 719 1338 consortem
737 1264 916 1356 adsciscat,
930 1285 997 1338 nee
1020 1262 1143 1334 alienoe
1159 1285 1286 1338 manus
1300 1287 1407 1362 opem

94 1409 287 1485 exposom
302 1383 501 1474 enrbescat,
519 1411 603 1466 cum
617 1385 808 1462 solitariam
827 1386 883 1460 sui
904 1401 1051 1460 conatus
1071 1383 1317 1481 experientiam
1333 1387 1408 1460 sine

95 1509 223 1582 effectu
238 1531 315 1580 esse
332 1503 460 1580 videat.
511 1507 689 1584 Abnuemi
713 1506 934 1610 parcendum
960 1523 1077 1606 negat,
1101 1505 1284 1606 urinaeque
1297 1529 1408 1604 opere

95 1645 326 1732 prosecutus,
346 1633 494 1708 sununis
519 1656 603 1704 curn
618 1631 755 1704 viribus
773 1645 888 1704 tentat
961 1634 992 1704 Α
1008 1643 1170 1728 quotam
1190 1627 1308 1704 valido
1326 1629 1407 1702 ferri

95 1757 165 1828 ictu
179 1769 347 1850 exceptus
361 1771 429 1846 est,
447 1771 487 1826 ut
500 1757 629 1852 ipsum,
652 1752 783 1826 diffisso
805 1749 954 1840 casside,
977 1754 1079 1852 capiti
1103 1753 1200 1826 illabi
1215 1767 1407 1853 cogeretur.

95 1879 179 1970 Quo
206 1873 350 1950 uulnere
365 1877 515 1950 irritatus
534 1878 631 1984 (nam
646 1874 779 1948 multus
797 1899 817 1948 e
843 1875 969 1950 vertice
985 1899 1093 1949 cruor
1108 1873 1406 1974 profundebatur)

96 2001 271 2072 Kstonem
286 1997 422 2072 crebris
439 2023 481 2072 ae
496 2001 628 2099 regem
645 1998 769 2072 ictibus
780 1999 934 2095 petitum
948 1997 1099 2096 genibus
1121 1999 1272 2072 humum
1286 2012 1408 2095 petere

96 2123 220 2221 coegit
281 2119 388 2215 Quod
414 2123 648 2223 Vigointueri.
662 2146 735 2196 non
760 2145 908 2220 passus,
933 2123 1082 2219 propior
1107 2123 1252 2220 privatos
1277 2121 1407 2194 caritati
1547 2112 1549 2120 ’

96 2269 208 2342 quaxn
223 2242 378 2341 publicae
392 2241 647 2334 comverudini,
671 2243 842 2316 ruborem
863 2244 980 2340 pietati
998 2242 1124 2316 cedere
1141 2246 1274 2344 coegit,
1299 2249 1408 2317 inva-

96 2385 212 2466 soque
228 2363 367 2440 Atbislo
382 2365 543 2438 fraternae
559 2362 805 2440 imbecillitatis
825 2379 1002 2464 protector
1014 2391 1124 2463 quam
1140 2357 1314 2464 spectator
1330 2389 1408 2440 esse

96 2488 230 2563 maluit
290 2487 487 2582 Quoiaeto
503 2486 586 2586 plus
601 2488 787 2588 opprobrii
819 2513 929 2586 quun
959 2485 1074 2560 laudis
1101 2489 1282 2577 contraxit,
1306 2484 1409 2584 quod

96 2612 130 2682 iu
144 2609 309 2708 juvando
338 2609 605 2686 fratrestantae
629 2609 739 2684 duelli
755 2610 850 2710 leges
880 2608 1040 2686 solvisset
1061 2609 1260 2709 eidemque
1290 2607 1407 2684 utilius

96 2757 207 2830 quam
222 2731 403 2808 honestius
421 2757 528 2830 opem
549 2731 670 2806 tulisse
688 2731 874 2806 vileretur.
928 2731 1111 2832 Siquidem
1138 2759 1181 2806 ex
1197 2731 1302 2808 altera
1321 2730 1407 2804 lan-

97 2880 136 2928 ce
150 2853 356 2946 dedecoris,
389 2879 431 2928 er
453 2853 561 2930 altera
580 2857 715 2955 pietatis
734 2855 895 2953 partibus
920 2854 1073 2930 indulsit
1133 2860 1256 2954 ltaque
1277 2879 1407 2953 pmm-

96 2980 193 3075 ptius
211 3001 322 3075 quam
338 2979 532 3076 speciosius
553 2977 676 3053 Atbisli
700 2975 816 3052 caedes
840 2976 888 3050 ab
915 2979 1000 3075 ipsis
1018 2959 1165 3077 peracta
1183 2977 1407 3052 noscebatur.

95 3103 187 3194 Quae
203 3125 249 3174 ue
266 3097 376 3199 vulgo
393 3097 610 3190 clamasset,
642 3125 777 3200 corpus
793 3104 885 3200 ejus,
904 3101 1062 3176 abscisso
1079 3102 1202 3197 capite,
1220 3125 1316 3198 equo
1334 3101 1407 3170 im-

94 3245 251 3318 pensum
265 3237 362 3296 exuat
386 3247 513 3296 uentus
533 3222 682 3296 sererrtes
706 3225 972 3324 propinquioris
996 3228 1078 3323 pagi
1104 3219 1226 3314 incolis
1252 3220 1408 3314 tradunt,

94 3344 240 3416 Frovirti
268 3341 362 3420 lilios
391 3361 548 3442 paternae
575 3347 667 3420 necis
697 3345 868 3428 ultionem
891 3346 940 3422 ab
965 3343 1101 3420 Athislo
1123 3347 1305 3418 Sveonum
1324 3369 1408 3445 rege

94 3466 254 3564 exegisse
269 3481 446 3542 testantes.
521 3468 644 3542 Talem
667 3495 742 3572 prae
767 3496 807 3544 se
832 3472 1013 3544 vbtonam
1049 3468 1201 3542 serentes
1243 3468 1408 3564 prituisa

95 3585 305 3662 Vermuudo
329 3587 530 3668 bononbus
553 3595 783 3691 excipiuntur,
807 3590 1031 3666 udlissimum
1062 3589 1110 3662 ab
1138 3595 1189 3664 eis
1215 3615 1309 3686 opus
1325 3588 1409 3662 edi·-

93 3721 172 3782 tum
186 3707 377 3807 judicante,
392 3713 594 3813 sublatique
609 3715 730 3788 aemuli
745 3712 896 3816 gloriam
920 3737 1031 3812 quam
1047 3711 1191 3786 admissi
1217 3713 1408 3809 opprobrii

95 3829 228 3906 famam
245 3833 410 3932 cupidius
436 3843 602 3930 intuente,
624 3861 690 3912 nec
702 3836 840 3932 tyranni
859 3859 984 3910 necem
1001 3833 1083 3908 ullis
1099 3836 1297 3934 ignominiae
1315 3861 1406 3933 par-

94 3952 193 4028 tibus
215 3955 358 4030 alliuem
383 3977 554 4035 semente.
614 3963 653 4034 ln
678 3959 908 4058 proverbium
937 3957 1037 4056 apud
1062 3974 1199 4032 exteros
1224 3956 1407 4048 dueum,

93 4073 198 4172 quod
212 4081 373 4176 lariacum
388 4081 578 4158 dimicandi
596 4086 655 4183 jus
674 4088 794 4182 regius
814 4081 1056 4154 labefactasse
1071 4081 1233 4154 interitus.

141 4361 200 4433 'Ire
218 4365 403 4447 prouerbium
429 4371 513 4456 apud
528 4387 642 4433 eeteros
661 4369 720 4432 do·
777 4364 851 4428 telo.
899 4367 967 4450 ipsa
981 4361 1074 4427 verba
1087 4361 1203 4424 nullam
1218 4360 1406 4445 antiquitatis

92 4464 186 4547 acar]
209 4463 364 4534 otum
384 4473 567 4556 stephanius
585 4477 619 4538 in
639 4473 721 4538 meis
779 4481 883 4534 notam
901 4491 969 4554 pre
990 4487 1023 4532 se
1042 4466 1157 4547 incer,
1179 4485 1236 4530 nec
1255 4468 1349 4533 credo
1371 4489 1407 4534 es

92 4566 463 4656 adblqprorerbiumet
476 4578 556 4666 apud
570 4591 720 4644 nostrates
780 4593 845 4638 esse
867 4572 1119 4659 interpretatione
1145 4573 1273 4638 Saxonis
1305 4577 1407 4646 Velle·

91 4671 256 4742 inolevisse
267 4679 599 4752 hmctnoemnfiamg
622 4690 724 4751 Ama.
781 4681 850 4763 jaua
871 4679 1046 4746 vetustiora.
1102 4679 1202 4744 Crisia
1225 4683 1409 4748 uenationis

93 4781 137 4844 lar
156 4785 237 4848 Bane
259 4785 333 4848 trad
347 4793 445 4872 gande
466 4792 611 4880 Koempcrs
630 4795 723 4856 Vane.
783 4783 925 4851 derebus
945 4785 1114 4852 aFolcone
1137 4785 1266 4876 liliisque
1281 4791 1406 4856 Frorini

93 4884 184 4952 Unde
204 4889 387 4977 stephanius
405 4900 472 4964 baec
497 4899 639 4974 traxerit,
672 4917 723 4962 ne·
781 4894 873 4978 gestis
888 4893 948 4960 rid.
961 4895 994 4958 in
1008 4906 1072 4958 not
1086 4893 1170 4960 uber.
