3476 5460
628 359 883 432 REGNERUS.
1014 364 1016 374 '
1284 359 1355 434 dil

103 565 313 642 seruandam
331 573 622 670 curavitquunto
643 591 721 642 eam
729 567 974 644 latentioribus
988 569 1113 645 studiis
1127 595 1170 646 sc
1183 575 1410 670 pervicacio*¹

105 693 205 764 ribus
223 689 340 764 modis
354 687 481 764 ambiri
501 695 684 791 comperit.
737 693 871 766 Verum
893 694 1087 791 Regrterus,
1104 695 1299 768 certissimo
1315 717 1411 769 con·

104 837 232 888 sensim
252 816 332 912 ejus
348 818 479 888 nuncio
498 831 690 907 recreatus,
713 811 846 905 villam,
865 814 902 885 in
920 837 993 912 qua
1008 815 1270 908 asservabatur,
1284 839 1411 892 acces¹⁶

104 939 161 1027 sit,
189 934 350 1034 nihilque
374 943 486 1009 amori
512 940 646 1011 invium
666 941 822 1036 putam,
855 937 892 1008 in
915 937 1031 1010 vicino
1059 935 1243 1036 quendam
1269 939 1411 1013 rustice

104 1063 188 1130 vitae
211 1057 388 1131 solitarius
410 1055 569 1157 bospitio
593 1061 700 1158 petiit
773 1061 889 1148 Mane,
911 1074 1129 1131 commutata
1152 1077 1236 1132 cum
1259 1060 1413 1137 soenunis

104 1195 222 1270 veste,
260 1182 384 1252 amicae
409 1178 551 1252 laneum
568 1205 660 1280 opus
687 1178 869 1280 explicanti
900 1180 1118 1254 muliebriter
1151 1180 1270 1256 cultus
1299 1187 1413 1277 astitit,

104 1302 339 1400 virgineoque
362 1305 461 1401 operi
485 1303 594 1377 rudes
616 1303 750 1378 artificii
783 1325 912 1376 manus
935 1299 1084 1394 callide,
1109 1327 1162 1388 ,ne
1189 1301 1414 1401 proderetur,

105 1421 286 1516 admovit3
311 1439 414 1496 nocte
432 1448 518 1498 vero
536 1428 626 1500 votis
649 1427 821 1524 virginem
835 1421 1053 1521 amplexatus
1076 1423 1232 1498 indulsit.
1294 1429 1413 1499 Cum·-

105 1567 201 1642 que,
223 1560 477 1618 maturescente
501 1563 625 1644 partu,
651 1561 828 1620 temerate
858 1543 1038 1644 pudicitiae
1067 1546 1202 1622 saciuus
1227 1547 1415 1622 tumidiore

104 1665 238 1766 puellae
256 1671 392 1766 gremio
406 1667 631 1766 proderetur,
657 1673 807 1741 incertus
822 1684 934 1766 pater,
953 1671 1010 1742 oni
1034 1694 1073 1742 sc
1089 1668 1161 1742 filia
1183 1669 1414 1770 polluendam

104 1786 281 1880 dedisset,
307 1793 508 1888 ignoratum
525 1791 640 1888 stupri
663 1807 844 1863 auctorem
860 1813 903 1862 ex
924 1795 1002 1887 ipsu
1029 1797 1180 1866 maxime
1194 1809 1413 1894 cognoscere

105 1911 356 2007 perseveravit.
406 1914 485 2005 Qua
506 1937 553 2004 se,
569 1916 745 1985 nemiuem
773 1927 904 2010 praeter
927 1909 1180 2013 pedissequam
1200 1916 1279 1990 lecti
1297 1920 1414 2016 partia

105 2037 226 2131 cipem
248 2032 429 2124 babuisse,
453 2036 670 2134 pertinacius
687 2032 892 2125 adimente,
925 2059 1003 2107 rem
1028 2041 1106 2137 regi
1128 2037 1415 2138 cognoscendam

105 2154 301 2228 mandavit.
351 2155 426 2248 Ille,
453 2161 625 2230 insontem
649 2155 820 2230 famulam
842 2157 1005 2229 inusitata
1029 2163 1274 2234 eliminatione
1302 2166 1414 2236 notari

105 2304 182 2352 non
202 2279 391 2369 sustinens,
406 2281 540 2378 proprii
556 2277 694 2352 sceleris
710 2277 931 2376 professione
949 2276 1073 2350 alione
1087 2281 1296 2355 innocentius
1306 2282 1416 2356 fidem

105 2399 226 2473 facere
242 2424 315 2473 uon
333 2403 485 2474 erubuit.
523 2404 602 2495 Qua
625 2398 841 2472 humanitate
871 2397 1103 2489 etmuliebris
1119 2401 1305 2476 calumnie
1324 2427 1416 2502 par-

103 2539 159 2596 tes
174 2523 304 2621 repulit
328 2537 375 2613 et,
395 2547 441 2596 ue
465 2521 637 2599 ridiculus
653 2544 778 2596 rumor
794 2519 893 2620 apud
909 2521 1094 2620 improbas
1108 2544 1214 2598 aures
1228 2541 1416 2616 sereretur,

104 2643 229 2718 effecit
305 2649 480 2720 Praeterea
506 2641 723 2745 gignendum
747 2669 790 2719 ex
820 2667 862 2719 ea
892 2643 1006 2719 filiurn
1030 2649 1085 2718 sui
1123 2649 1302 2746 sauguinis
1325 2668 1415 2738 esse,

106 2766 286 2866 qnodque
308 2791 393 2844 enm
416 2769 607 2842 Ubbouem
629 2772 828 2868 nuncupari
854 2765 976 2860 vellet,
1000 2765 1138 2865 adjecit
1204 2769 1275 2862 Qui
1300 2791 1415 2864 quum
1529 2785 1531 2790 ’

104 2892 334 2990 aliquatenus
352 2892 572 2982 excrevisset,
599 2907 728 2962 tenerae
745 2891 850 2962 aeteus
870 2889 1013 2988 iugenio
1030 2881 1178 2962 maturae
1198 2887 1416 2965 discretionis

105 3013 271 3085 habitum
287 3013 535 3112 apprehendit.
596 3016 717 3086 Matris
742 3013 835 3086 enim
850 3010 1098 3104 dilectionem,
1121 3011 1221 3110 quod
1236 3011 1416 3084 excellent

106 3159 147 3206 se
167 3151 248 3207 toro
264 3136 481 3226 miscuisset,
506 3131 703 3232 amplexus,
734 3135 993 3208 venerationem
1011 3135 1130 3234 patris,
1154 3131 1256 3233 quod
1272 3131 1320 3206 ad
1339 3134 1416 3208 ob·

106 3257 309 3329 senriorem
325 3257 423 3353 justo
442 3257 609 3354 copulam
629 3255 878 3350 descendisset,
896 3257 1035 3356 abjecit.

243 3383 326 3452 Post
350 3377 430 3453 haee
454 3375 647 3480 Regnerus,
663 3377 921 3479 expeditionem
946 3382 984 3452 iu
1007 3375 1313 3486 llellesponticos¹
1341 3404 1415 3478 pa·-

105 3523 205 3596 rutis,
233 3517 433 3601 rotamque
452 3505 638 3575 Danorum
653 3508 836 3595 concione,
854 3500 1105 3576 saluberrimas
1131 3525 1170 3572 se
1191 3501 1334 3602 populo
1358 3500 1417 3574 le·

105 3650 175 3724 ges
204 3624 359 3698 laturum
393 3626 635 3723 promittens²,
673 3641 713 3698 ut
742 3625 994 3722 unusquisque
1023 3620 1294 3720 paterfamilias,
1327 3601 1419 3698 sicut

159 3943 426 4034 ¹Hellespcnticos]
444 3947 675 4032 Hellesponttccs
688 3947 734 4007 in·
793 3945 825 4007 in
844 3945 970 4008 historie
988 3948 1233 4008 Numantinorum
1248 3945 1291 4005 ita
1311 3943 1418 4006 scribit

109 4051 225 4136 telligit
245 4055 356 4118 Noster
382 4061 504 4134 gentem
531 4048 661 4133 aliquam
692 4047 735 4113 ia·
795 4049 848 4113 tib.
866 4053 894 4114 ll
909 4047 976 4115 otti
991 4062 1022 4114 et
1040 4047 1076 4111 5:
1097 4053 1190 4112 Pater
1205 4049 1323 4112 adultos
1335 4051 1418 4128 filios

108 4161 251 4223 bulossm
275 4159 355 4221 ultra
373 4155 531 4220 linthenos
548 4153 734 4219 habitantem
794 4173 912 4218 cunctos
936 4181 956 4218 c
990 4154 1166 4240 repellebat
1186 4170 1295 4240 preter
1318 4177 1419 4226 unam,
1499 4145 1502 4153 ¹

110 4266 199 4351 juxis
216 4262 340 4344 fretum,
363 4260 446 4346 quod
467 4279 548 4323 mare
561 4260 735 4324 Balthioum
794 4286 875 4346 quem
896 4260 1034 4323 heredem
1061 4263 1110 4320 sttt'
1129 4261 1210 4340 juris
1231 4260 1417 4342 relt'ttqucbat.

111 4391 185 4434 eum
225 4389 308 4434 msto
349 4368 570 4432 mediterraneo
608 4367 760 4451 jungere·
798 4370 871 4451 Quat
890 4367 1010 4448 denique
1029 4367 1076 4426 lex
1090 4388 1147 4450 per
1170 4367 1325 4446 multorum
1347 4381 1417 4429 tem·

110 4473 264 4542 meditem
292 4485 349 4538 est·
401 4469 472 4540 Vid.
498 4485 563 4538 not·
582 4473 665 4536 uber.
698 4467 737 4536 sd
791 4492 982 4558 pcroregum
995 4471 1162 4532 mccnuulsa
1177 4469 1416 4552 memmatensi-

110 4577 386 4667 lib.V111p.412.
764 4647 771 4658 ,
800 4599 886 4659 usqae
900 4577 1078 4638 Lotluhrocus
1094 4598 1147 4638 rec
1165 4579 1252 4662 patri
1277 4578 1308 4636 t'rt
1328 4596 1416 4660 reguo

160 4690 394 4754 ²Saiuterrtms
405 4713 436 4752 se
448 4691 526 4771 leges
536 4688 662 4748 latarum
669 4707 743 4770 pro·
800 4685 943 4744 tuccessit.
963 4684 995 4742 Is
1005 4683 1092 4744 etiam
1100 4703 1164 4754 ree,
1173 4697 1295 4768 patrum
1307 4681 1417 4764 legebas

112 4793 248 4873 mitens]
275 4795 462 4864 wilhelmus
496 4788 742 4858 Gemmtiicentis
801 4791 924 4858 exct'tur,
938 4811 1001 4848 cum
1014 4790 1129 4868 ingenti
1131 4788 1269 4869 juvenum
1290 4789 1417 4870 agrariae,

1127 4893 1223 4988 (99⁴)
