3442 5456
494 319 935 394 '..lllGEbffl8‚,
1294 321 1372 396 aas

106 527 169 601 m'u'
182 526 290 615 ior-et,
313 532 342 602 si
358 525 485 626 plagas
500 530 581 625 ejus
596 525 762 606 medendi
778 527 895 606 officio
910 547 1199 628 pumequaretur.
1237 527 1308 604 Sed
1321 533 1423 606 Stat»

104 645 288 738 autberum
306 649 500 730 ruborum
519 649 713 726 acerbitate
728 658 878 726 unciam
898 679 1009 752 qnam
1034 651 1191 728 sordida
1215 652 1425 730 mnditionis

104 769 297 846 bominum
310 773 503 852 ministerio
519 779 570 848 uti
585 789 803 871 ptaeoptsns,
823 775 981 850 officium
996 779 1076 875 ejus
1088 800 1132 848 ac
1144 799 1260 873 genus
1279 801 1424 875 cogno*

104 917 208 968 suere
231 895 364 971 insutis
443 899 560 988 Quem
591 921 676 970 cum
704 901 882 994 praeconis
903 899 1071 998 partibus
1088 897 1208 996 fungi²
1236 895 1424 990 didicisset,

106 1039 280 1112 spernere
300 1039 374 1092 non
387 1022 707 1109 contemnentem
724 1022 887 1096 convicio
901 1019 1138 1120 proculcavit,
1156 1017 1270 1116 quod,
1290 1023 1424 1096 cuncus

108 1137 305 1214 honestatis
320 1138 484 1236 partibus
497 1137 678 1240 neglectis,
702 1143 921 1218 scurrilitatis
937 1141 1075 1216 cilicio²¹
1102 1157 1307 1235 sectaretur,
1336 1155 1423 1218 orn*

106 1275 267 1359 nemque
284 1261 364 1336 vitas
380 1285 529 1336 cursum
542 1263 697 1338 neianda
704 1289 850 1363 semper
858 1267 1028 1364 opinione
1042 1267 1255 1362 resperserit,
1267 1279 1301 1336 ct
1316 1287 1423 1362 quaa*

105 1401 184 1460 stus
213 1383 296 1459 loco
320 1407 524 1482 pauperum
547 1383 688 1460 duxerit
709 1385 931 1479 detrimenta,
951 1389 1083 1462 nemini
1099 1386 1335 1460 innocentiani
1352 1389 1423 1460 tiit·

105 1507 235 1597 baete,
258 1508 395 1582 euncds
409 1511 643 1584 accusationis
663 1511 828 1608 injur-iarn
844 1517 1002 1609 irrogare
1026 1525 1189 1609 punam,
1212 1518 1296 1582 tunc
1319 1533 1422 1606 prae*

103 1631 217 1726 cipue
231 1627 353 1721 latus,
384 1630 573 1728 namquid
588 1630 712 1708 alienis
727 1631 932 1708 luctuosum
949 1632 1058 1706 rebus
1072 1629 1250 1720 incideret,
1275 1629 1365 1704 dura
1387 1633 1421 1702 in
1473 1721 1476 1726 Ι

105 1753 178 1828 boe
202 1755 355 1828 anxium
372 1775 440 1828 sna
460 1751 612 1828 desudet
638 1757 845 1843 intentione,
871 1772 910 1828 ut
932 1756 1092 1828 omnium
1115 1769 1215 1826 actus
1244 1751 1422 1826 insidiosa·

104 1875 364 1975 explorationis
380 1891 457 1950 arte
472 1893 683 1976 cognoscat,
706 1894 743 1952 et
764 1881 940 1952 innocuos
964 1901 1087 1952 mores
1106 1879 1263 1974 quasitot
1283 1871 1422 1948 smndis

102 2000 298 2074 occasione
312 2005 533 2100 perstringat.
598 2000 762 2076 Abounis
777 2025 832 2092 eo,
852 2003 1059 2098 supervenit
1079 1997 1170 2072 alius
1186 2001 1268 2097 opis
1289 1993 1419 2072 medor

106 2122 230 2219 lacque
247 2123 462 2219 promissor,
487 2125 551 2220 qui
573 2125 704 2221 prioris
726 2121 891 2219 exemplo
910 2121 1148 2198 conditionem
1174 2120 1276 2194 interi
1290 2122 1422 2218 jussus,

107 2243 276 2320 mettun
307 2251 348 2318 se
371 2243 565 2341 cujusdam
583 2252 622 2318 'in
654 2247 881 2356 nranimcnio
906 2243 1042 2320 babere
1083 2247 1236 2343 ejusque
1273 2239 1421 2314 domino

105 2365 376 2464 emancipando
391 2368 554 2466 conjugis
575 2369 689 2465 gratia
711 2368 883 2442 rusticum
906 2391 1000 2466 opus
1026 2365 1231 2464 dependere
1257 2363 1421 2438 testabar

106 2509 174 2566 tur.
265 2489 381 2586 Cujus
412 2509 521 2584 opera
547 2489 792 2564 Sturoatberus
814 2487 948 2562 idcirco
979 2513 1018 2564 se
1042 2491 1090 2564 uti
1111 2487 1208 2562 nolle
1229 2484 1422 2584 perhibuit,

103 2613 213 2714 quod
225 2609 470 2686 erubescendo
493 2611 663 2685 connubii
682 2635 814 2710 geome
834 2611 981 2688 serviles
1001 2613 1070 2686 sibi
1093 2611 1323 2686 consuluisset
1336 2633 1421 2682 ana-.-

104 2735 245 2834 pleros.
295 2735 360 2806 Cui
376 2731 511 2830 siquid
527 2735 661 2808 virtutis
677 2751 902 2835 suppeteret,
924 2733 1079 2810 lastiditn
1095 2731 1200 2806 alieni
1213 2729 1337 2807 saltem
1358 2730 1419 2811 iar

106 2859 308 2935 sullimitate
326 2859 511 2954 mancipii,
544 2855 658 2930 libera
682 2855 778 2932 tbori
799 2863 974 2958 participe
995 2859 1184 2932 frueretur.
1243 2858 1420 2948 Quantam

106 3007 220 3083 porro
232 2978 346 3078 hujus
359 2983 422 3053 viri
448 2977 729 3078 magnitudinem
745 2984 995 3075 existimemus,
1012 2989 1074 3082 qui
1090 2979 1242 3055 summis
1252 2979 1332 3052 titre
1347 2997 1420 3073 par

103 3103 226 3180 ricubs
264 3101 466 3200 implicatus
498 3118 633 3176 tantum
648 3125 688 3176 se
710 3105 747 3176 in
761 3103 975 3202 repellendis
992 3104 1128 3180 auxiliis
1143 3090 1274 3204 lgessit,
1298 3123 1421 3198 quan·-

103 3243 179 3302 tum
214 3228 251 3298 in
275 3223 493 3322 excipiendis
527 3223 733 3300 vulneribus
755 3243 923 3326 gesserat.
975 3233 1111 3327 ltaque,
1135 3224 1340 3302 discedente
1365 3247 1421 3313 eo,

104 3349 258 3422 subiens
275 3343 423 3420 ioemina
447 3347 593 3426 franito
630 3371 751 3420 senem
776 3349 983 3446 praeteribat
1002 3352 1151 3422 incessu.
1224 3352 1317 3441 Quae
1335 3369 1421 3420 enm

104 3466 428 3568 pertergendorirm
444 3469 524 3568 ejus
540 3468 730 3543 vulnerum
744 3473 855 3570 gratia
872 3478 1026 3570 propius
1040 3473 1262 3561 accessisset,
1285 3469 1321 3540 in
1337 3468 1419 3566 pri·

105 3597 188 3684 mis,
205 3615 280 3688 qun
293 3617 424 3690 genere
439 3604 504 3666 aut
517 3591 635 3674 officio
652 3609 753 3685 esset,
768 3619 946 3692 exponere
960 3596 1072 3694 jussa,
1093 3593 1255 3666 nandum
1269 3617 1309 3664 se
1334 3616 1420 3664 mos

103 3711 204 3786 lcndi
229 3713 348 3788 officio
366 3729 542 3788 amacium
566 3713 756 3812 perbibuit
810 3720 927 3810 Quam
944 3743 1087 3792 rursum
1103 3714 1360 3806 Starcmherus,
1375 3737 1421 3790 aa

105 3835 245 3932 prolem
268 3834 436 3930 baberet,
463 3853 710 3935 percontatus,
743 3856 936 3938 postquam
965 3843 1171 3916 foemineam
1199 3836 1420 3914 eisobolem

153 4156 325 4216 'Praecom's
341 4158 479 4241 partibus
492 4155 603 4241 fungi]
625 4163 733 4222 l‘raecu
794 4157 872 4242 prid.
892 4157 923 4220 ln
943 4157 1134 4242 Heliogabal.
1155 4179 1221 4244 cap.
1241 4143 1361 4232 33‚'id.
1388 4151 1419 4212 in

104 4271 150 4320 cst
166 4241 269 4322 vilior
281 4257 419 4322 minister
435 4259 577 4345 praefecti
603 4263 650 4325 rel
674 4285 736 4326 ma·
793 4261 968 4326 Alexandro
981 4265 1095 4327 Severo
1113 4285 1180 4347 cap,
1195 4257 1259 4342 61.)
1281 4237 1315 4322 t'n
1335 4259 1420 4322 Actis

104 4363 250 4448 gistratus
269 4365 388 4445 urbani,
402 4369 480 4430 Dan.
498 4365 649 4450 Byrsam,
675 4371 737 4434 Fo·
792 4369 958 4450 Martyrum
986 4367 1095 4452 sapius
1118 4367 1310 4452 appellantur
1338 4381 1420 4426 scor·

104 4471 219 4556 ptem
233 4471 303 4536 Bad
311 4495 322 4554 ;
335 4473 396 4536 vid.
412 4485 477 4538 not.
491 4473 576 4538 uber.
791 4463 895 4551 renes,
917 4474 969 4558 qui
987 4473 1053 4538 aliis
1075 4472 1107 4534 in
1122 4472 1198 4536 locis
1212 4472 1420 4556 speculatores

149 4581 381 4644 ‘Seurrtlitutis
409 4577 524 4667 affusa]
550 4583 672 4644 Sauum
701 4581 732 4642 in
791 4579 918 4644 audiunt
933 4582 982 4644 vel
1002 4581 1147 4644 satellites
1170 4578 1326 4644 carnifices
1343 4573 1419 4656 (rid.

102 4684 306 4770 scriptoribus
331 4686 469 4750 historiae
501 4693 647 4772 Augustas
682 4707 734 4750 oc·
794 4683 955 4771 ducange
974 4685 1164 4752 Glorior-ad
1182 4684 1418 4768 roelScum'li·

105 4801 234 4854 currant
253 4803 397 4876 tanquam
418 4794 583 4878 stipatores
601 4793 664 4855 sire
682 4809 733 4854 cu·
794 4799 865 4856 raro
880 4798 981 4881 officia
995 4807 1067 4857 snnt
1079 4793 1173 4880 igitur
1191 4793 1298 4856 viliora
1312 4793 1345 4854 in
1362 4792 1416 4862 dti-

104 4895 206 4962 stodes
236 4900 377 4984 corporis
406 4899 599 4986 imperatoris
633 4899 735 4972 (Lam-
793 4900 891 4964 nribus
905 4899 1122 4986 prefectorum
1139 4899 1311 4964 ministeria:
1409 4906 1413 4921 '
