3458 5454
645 281 891 402 rnoruott
1298 335 1368 406 aaa

104 537 188 626 iilia,
196 541 366 636 susecpti,
380 535 520 612 eumad
528 553 826 637 necemapatruo
836 553 1094 637 quererentur,
1120 539 1304 616 abeorum
1320 558 1422 618 tcto-

101 658 205 732 ribus
220 656 385 734 cullidior
394 657 656 734 servandorum
674 659 896 760 pupillorum
910 665 1000 734 ratio
1014 663 1210 761 excogitata
1229 680 1291 737 est.
1332 669 1422 738 Nam

105 797 252 858 truncos
283 779 456 880 luporum
472 765 626 881 ‘ungues
659 781 875 858 subcollibus
909 788 1171 873 annectentea¹,
1214 791 1424 888 contiguum

106 903 297 1002 penatibus
320 909 395 979 sois
431 904 547 980 lutum
586 905 829 1005 oblusamque
852 906 997 980 nivibus
1018 903 1172 978 humum
1195 907 1329 982 crebris
1352 908 1423 982 de-

106 1025 274 1102 cucaibus
303 1051 449 1101 exarare
470 1044 679 1126 caeperunt,
720 1025 820 1100 lerini
845 1029 1007 1101 incessus
1040 1033 1197 1126 speciem
1227 1029 1425 1126 praebituri.

107 1151 191 1222 Post
207 1147 298 1242 haec,
314 1147 494 1225 trucidatis
516 1149 726 1224 ancillarum
743 1147 865 1222 liberis
887 1173 1088 1247 eorumque
1103 1151 1320 1248 corporibus
1341 1152 1425 1226 fro-

107 1276 225 1346 statim
242 1271 449 1372 discerptis,
473 1271 591 1348 lacem
615 1273 750 1370 passim
768 1272 939 1344 membra
963 1269 1153 1370 disjiciunt.
1203 1277 1339 1371 ltaque,
1360 1299 1426 1348 re-

109 1396 247 1492 quisitis
265 1392 553 1470 adolescentibus
580 1419 647 1467 nec
671 1395 832 1486 inventis,
856 1393 926 1468 fusi
944 1399 1171 1492 reperiuntur
1195 1411 1303 1489 artus,
1323 1397 1425 1470 lera-

107 1542 191 1590 rum
213 1499 363 1617 vesnssia
387 1515 691 1605 demonstrantur,
721 1516 827 1592 tellus
855 1539 984 1591 cruore
1007 1516 1168 1592 delibuta
1200 1518 1426 1615 conspicitur.

108 1637 293 1710 Creditum
315 1655 381 1730 est,
404 1663 539 1738 pueros
562 1638 687 1737 lupina
707 1639 866 1738 ingluvie
894 1656 1148 1740 consumptos,
1164 1662 1233 1712 nec
1257 1639 1427 1737 cuiqnam

107 1759 185 1834 iere
198 1757 245 1834 de
261 1775 333 1834 tam
350 1763 537 1836 manilesto
551 1761 773 1836 lacerationis
789 1779 1000 1862 argumento
1015 1761 1181 1836 dubitare
1204 1783 1427 1834 concessum.

108 1883 223 1981 Cujus
239 1881 431 1982 spectaculi
447 1881 538 1958 fides
552 1883 700 1983 pupillis
716 1883 886 1982 praesidio
902 1885 979 1958 fuit.
1039 1887 1110 1979 Qui
1131 1909 1216 1958 mox
1246 1907 1268 1956 a
1293 1887 1426 1958 tutori-

107 2005 181 2080 bus
196 2029 284 2080 cara
309 2004 470 2080 conclusi
490 2005 587 2098 ilice,
610 2031 655 2080 ne
675 2006 790 2080 ullum
804 2011 885 2082 vitae
902 2034 1030 2082 eorum
1054 2006 1223 2082 indicium
1251 2005 1428 2094 ederetur,

109 2127 172 2202 diu
191 2128 261 2204 sub
278 2151 408 2202 canum
425 2129 823 2228 specieuutriebantur3
854 2131 1046 2204 latrautum
1073 2153 1225 2229 quoque
1245 2135 1296 2206 eis
1311 2155 1428 2205 voca·
1482 2207 1491 2220 p

109 2249 201 2326 buln
217 2249 340 2342 indita,
361 2277 438 2350 quo
453 2254 572 2325 minus
586 2253 771 2327 latentium
786 2257 909 2350 opinio
927 2253 1142 2352 vulgaretur.
1209 2251 1316 2324 Solus
1331 2257 1428 2326 Fro-

110 2371 188 2466 tbo,
201 2376 325 2448 mortis
347 2399 474 2448 eorum
489 2373 562 2449 fide
576 2373 773 2472 repudiata,
797 2375 944 2450 latebrae
960 2374 1082 2448 locum
1100 2399 1143 2446 cx
1159 2379 1273 2471 perita
1291 2379 1429 2474 augurii

110 2495 259 2570 soemina
275 2521 498 2596 cognoscere
516 2497 645 2572 institit.
705 2501 819 2596 Cujus
839 2499 1039 2570 carminum
1065 2513 1160 2570 tanta
1186 2501 1238 2568 vis
1263 2512 1356 2586 erat,
1391 2515 1430 2570 ut

108 2643 187 2690 mm
209 2618 429 2716 quantolibet
459 2617 639 2694 nodorum
664 2623 889 2694 consertione
910 2617 1141 2717 perplexam²
1176 2643 1197 2689 e
1230 2617 1430 2720 longinquo

109 2739 180 2814 aoli
195 2739 265 2816 sibi
282 2743 516 2840 conspicuam
533 2740 580 2814 ad
594 2757 799 2816 contactum
818 2765 970 2816 evocare
984 2764 1095 2839 posse
1105 2739 1296 2813 videretur.
1347 2745 1433 2814 Haec

110 2865 324 2964 liegnonem
341 2864 523 2964 quendam
543 2864 683 2948 occulte
706 2865 800 2938 circa
822 2862 901 2936 illos
921 2863 1137 2938 educationis
1155 2863 1312 2938 officium
1339 2889 1431 2962 per-

112 2991 230 3086 egisse
260 3011 396 3086 eoaque
419 2987 582 3090 tegendae
616 2990 668 3060 rei
696 2994 810 3088 gratia
844 2989 979 3062 caninis
1007 2988 1190 3062 censuisse
1224 2985 1432 3060 nominibus

112 3105 308 3182 astruebat.
346 3111 415 3202 Qui
432 3134 517 3184 curn
534 3133 572 3184 se
590 3113 752 3185 inusitata
772 3113 969 3184 canninum
983 3109 1149 3186 violentia
1167 3107 1326 3182 latibulis
1341 3131 1433 3207 ege-

112 3249 191 3304 stos
205 3233 411 3305 incantantis
426 3233 612 3308 obtutibus
636 3233 820 3308 admoveri
841 3239 1100 3331 conspicerent,
1116 3258 1163 3306 ne
1182 3249 1254 3306 tam
1277 3230 1434 3304 horren-

112 3353 171 3428 das
189 3359 382 3428 coactionis
397 3357 550 3452 imperio
575 3355 824 3454 proderentur,
848 3361 1025 3454 gremium
1051 3358 1132 3454 ejus
1155 3355 1293 3454 accepti
1318 3377 1340 3426 a
1370 3370 1432 3429 to-

113 3477 259 3551 toribus
276 3454 355 3550 auri
370 3476 574 3553 incussione
589 3477 845 3577 perfundunt³.
894 3481 997 3571 Qum,
1020 3493 1166 3577 recepto
1186 3501 1353 3570 munere,
1370 3501 1433 3552 re-

117 3601 263 3695 pentina
279 3599 399 3674 morbi
414 3599 639 3674 simulatione
654 3623 723 3699 par
744 3601 894 3677 exanbni
913 3599 1080 3675 concidit.
1143 3598 1437 3698 Perquimntibus

114 3721 283 3796 ministris
299 3743 445 3796 causam
459 3739 533 3797 tam
549 3723 657 3797 subiti
674 3721 809 3821 lapsus,
833 3721 1103 3802 inscrutabilem
1124 3719 1284 3796 filioram
1301 3719 1436 3794 Baral-

115 3840 153 3914 di
177 3843 301 3942 fugam
317 3849 466 3918 existere
491 3845 731 3938 memorabat,
767 3871 925 3944 quorum
950 3847 1079 3920 eximia
1092 3845 1146 3918 ais
1160 3848 1263 3916 mam
1280 3849 1436 3917 atrocia-

166 4140 361 4202 'sattellites
380 4137 577 4222 annectentes]
599 4143 670 4206 Hoc
686 4153 748 4204 eti:
808 4153 843 4203 ut
861 4140 1024 4203 traditione
1039 4135 1207 4216 ferebatur,
1223 4127 1253 4200 di
1268 4133 1438 4198 carminum

120 4242 234 4328 pedona
247 4245 336 4308 tolia.
357 4241 409 4324 (S)
807 4246 839 4306 in
855 4245 954 4308 incarn
967 4244 1149 4331 protrahere
1162 4243 1294 4306 valebat.

164 4353 452 4434 ²1lemqnanta1c‘de't
471 4353 612 4414 nodorum
633 4373 748 4414 conscr-
853 4355 960 4413 3Αιινί
982 4355 1143 4415 incussione
1165 4343 1368 4437 perfundunt]
1393 4345 1441 4410 si-

121 4460 201 4520 tiamc
213 4454 401 4544 perplexam]
421 4461 482 4522 Rea
504 4455 628 4520 latebris
647 4475 748 4521 remo·
808 4455 1055 4541 gnificantissimo
1074 4475 1144 4520 naua
1161 4468 1207 4518 eat
1222 4453 1386 4525 vocabulo,
1401 4447 1440 4514 ad

123 4563 164 4624 tia
179 4560 359 4626 abscondita
382 4561 493 4628 dicitur
513 4583 563 4628 raa
575 4562 679 4626 multia
695 4583 752 4626 no·
808 4561 1024 4624 abundantiam
1044 4559 1196 4646 mandam
1212 4559 1278 4624 aori
1295 4557 1442 4622 denotan-

122 4665 168 4730 dia
186 4668 362 4732 contricts.
406 4671 512 4734 Talem
524 4669 588 4734 aire
607 4687 674 4732 rem
690 4668 753 4732 aire
811 4667 895 4745 datm
923 4689 985 4752 qua
1010 4665 1175 4732 veneficam
1194 4669 1374 4752 placarunt,
1402 4681 1442 4725 ne

111 4792 286 4862 personam
314 4795 525 4861 quamcunque
560 4773 754 4852 incantatrix,
811 4771 1031 4840 Haraldililioa
1047 4773 1203 4860 proderet.
1228 4770 1279 4850 (S)

179 4900 234 4947 Sat.
248 4900 377 4947 dunat.
390 4899 452 4946 tint.
466 4900 524 4946 lin.
835 4946 840 4958 ,
1170 4881 1206 4970 (⁴2
1214 4878 1247 4972 l)
