3476 5460
423 283 501 373 ’tm
769 300 1290 376 anconitanensem.

377 531 571 602 creusam,
600 527 859 610 consequenter
880 514 1059 586 saxonicis
1080 511 1266 588 roboravit
1285 507 1427 584 auxiliis
1477 510 1633 604 Quibus

375 629 485 704 iretus
505 637 538 704 in
564 635 733 706 territorio
751 634 959 708 Slesvicensi
976 633 1163 707 dicandam
1181 635 1260 706 Deo
1287 631 1401 706 mem
1427 631 1547 705 solicita
1566 659 1631 704 mo·

373 753 525 826 liebatur
539 758 707 850 impensa.
734 765 738 776 '
759 757 825 828 Hic
839 759 960 854 itaque
973 758 1181 830 sanctissimi
1199 761 1330 829 tenoris
1345 755 1518 854 specimen
1537 779 1554 825 a
1572 757 1632 826 llo·

373 877 486 978 manis
503 876 628 950 ritibus
649 893 847 968 mutuatus,
883 877 1071 976 profanato
1095 877 1316 975 perfidorum
1346 897 1484 968 errore,
1513 875 1632 950 delubra

374 1000 491 1090 diruit,
516 1001 727 1097 uictimarios
745 1003 965 1098 proscripsit,
990 999 1186 1072 flaminium
1205 998 1404 1099 abrogavit,
1420 1004 1631 1098 atqueincon-

372 1121 453 1194 ditae
467 1122 587 1219 patriae
603 1120 858 1196 Christianismi
872 1149 972 1197 saera
994 1125 1129 1220 primus
1152 1122 1284 1214 intulit,
1309 1125 1508 1221 rejectoque
1520 1119 1630 1192 deno-

372 1269 456 1316 num
475 1242 591 1335 cultu,
623 1223 782 1318 divinum
801 1245 985 1319 aemulatus
1001 1263 1063 1319 est.
1130 1249 1321 1344 Supremo,
1343 1240 1512 1342 quicquid
1528 1239 1564 1312 ad
1576 1266 1629 1312 cu-

371 1363 521 1439 stodiam
542 1363 722 1464 religionis
747 1369 901 1459 attinuit,
936 1368 1242 1467 scrupulosissima
1265 1391 1351 1440 eura
1377 1365 1532 1439 servavit
1579 1357 1628 1432 Sed

369 1503 529 1560 nonmm
560 1487 747 1560 efficaciter
763 1515 881 1588 quam
900 1495 959 1588 pie
979 1515 1054 1563 rem
1071 1493 1271 1588 auspicatus
1288 1505 1351 1563 cst.
1411 1487 1629 1584 Superveniens
1691 1575 1692 1582 ἵ

370 1613 463 1682 euim
490 1613 672 1708 Regnerus
698 1609 910 1710 inductaque
924 1637 991 1708 per
1007 1637 1088 1685 cum
1103 1639 1202 1688 sacra
1215 1627 1414 1700 temerans,
1439 1633 1515 1681 vera
1536 1603 1629 1701 religi·

369 1759 439 1806 one
453 1735 664 1831 proscripta,
685 1736 832 1832 pristino
851 1730 1078 1808 adulterinam
1097 1735 1178 1810 loco
1197 1737 1368 1822 restituit,
1410 1757 1453 1805 ac
1467 1755 1529 1804 suo
1543 1749 1629 1799 cert-

368 1860 505 1928 mouias
528 1852 665 1928 honore
683 1854 836 1930 donarit.
894 1856 1072 1932 Haraldus
1090 1883 1174 1931 vero
1191 1857 1392 1956 profugus²
1420 1853 1580 1927 tonunau
1597 1841 1629 1914 tl

366 1975 591 2074 sacrilegium
617 1977 801 2050 transtulit.
869 1983 959 2052 Nam
981 1997 1019 2053 ut
1041 1983 1264 2078 praecipuum
1294 1978 1468 2051 inchoatae
1489 1967 1628 2068 religionis

367 2102 559 2197 specimen,
583 2101 630 2171 ita
645 2105 801 2198 primum
817 2102 985 2201 neglecta·
1002 2103 1246 2202 spectaculum
1262 2102 1344 2190 suit,
1360 2117 1469 2199 atque
1482 2121 1520 2168 ex
1532 2089 1628 2188 splen-

213 2279 218 2288 ,
257 2258 261 2264 -
337 2255 343 2268 ·
367 2221 453 2294 dido
468 2223 656 2294 sanctitatis
671 2239 796 2296 autore
818 2225 957 2299 infamis
979 2225 1144 2325 ejusdem
1166 2223 1328 2299 desertor
1340 2224 1461 2297 evasit
1691 2211 1692 2280 l

497 2347 631 2415 interea
645 2343 745 2416 Hella
763 2344 810 2416 ad
828 2347 1016 2446 Hybemos
1036 2347 1186 2421 collatus
1206 2371 1342 2437 omnes,
1363 2346 1428 2442 qui
1448 2367 1485 2416 se
1500 2341 1625 2432 Regnat

365 2467 535 2567 propiore
549 2465 624 2538 fide
639 2465 883 2559 devinxerant,
909 2471 1005 2544 ferro
1018 2469 1277 2570 suppliciisque
1301 2467 1490 2541 mulctavit·
1540 2459 1625 2546 Quem
1691 2487 1692 2532 l

364 2595 546 2689 llegnerus
563 2587 674 2662 classe
690 2587 855 2679 adortus,
881 2581 978 2690 'ta
993 2594 1242 2691 omnipotentis
1258 2587 1554 2664 animadversione
1567 2597 1624 2648 11¹³·
1691 2661 1692 2670 ,

364 2711 506 2784 nilestas
521 2708 682 2783 detractas
699 2709 875 2810 religionis
896 2739 1021 2811 poenas
1036 2713 1216 2814 pependit.
1265 2710 1547 2812 Comprehensos
1558 2699 1624 2770 eniu

363 2851 471 2931 atque
491 2835 527 2905 in
547 2851 722 2904 carcerem
749 2835 930 2932 conjectus
954 2841 1077 2912 noxios
1099 2856 1195 2912 anus
1217 2835 1378 2910 colubris
1403 2816 1624 2906 consumendos

363 2935 523 3048 advertit,
549 2971 656 3053 atque
673 2981 716 3028 ex
737 2959 910 3031 viscerum
927 2983 1074 3033 suorum
1098 2959 1197 3032 fibris
1223 2960 1353 3032 tristem
1380 2956 1505 3056 viperis
1525 2947 1623 3022 elimo·

361 3081 458 3152 niam
490 3078 654 3177 praebuit.
725 3081 839 3179 Cujus
861 3080 970 3155 adeso
995 3085 1173 3180 jecinore,
1203 3107 1285 3154 cum
1309 3103 1373 3152 cor
1395 3085 1509 3177 ipsum
1530 3063 1623 3144 tanati
1657 3066 1658 3075 ’

325 3281 328 3290 Ἰ
362 3201 532 3274 carnificis
547 3199 626 3274 loco
641 3201 790 3276 coluber
805 3201 994 3296 obsideret,
1018 3231 1160 3280 omnem
1174 3229 1324 3304 operum
1348 3225 1496 3308 suorum
1513 3209 1622 3269 cursum

360 3325 518 3396 animosa
534 3349 622 3398 voce
642 3329 850 3418 recensuit²,
881 3331 1058 3424 superiori
1081 3353 1199 3400 rerum
1235 3331 1413 3398 contextui
1447 3324 1532 3396 hanc
1550 3313 1622 3408 adji-

360 3447 452 3518 ciens
470 3444 684 3520 clausulam:
711 3451 744 3521 Si
761 3449 896 3522 suculae
912 3453 1020 3523 verris
1036 3447 1252 3547 supplicium
1266 3453 1406 3537 scirent,
1422 3443 1514 3520 haud
1529 3435 1622 3552 (lubin

359 3563 499 3666 irruptis
513 3568 618 3662 haris,
634 3571 801 3646 afflictum
818 3570 1008 3646 absolvere
1023 3573 1291 3670 properarent³.
1338 3574 1424 3664 Quo
1446 3551 1624 3642 dioto‘llellt

409 3805 586 3864 'Heroides
605 3848 626 3864 ..
643 3805 804 3890 profugos]
820 3811 866 3870 De
882 3807 977 3869 hislo-
1037 3827 1091 3866 ntts
1106 3806 1182 3868 bene
1195 3804 1288 3867 habet
1305 3809 1429 3868 scisoent
1448 3848 1474 3865 ··
1488 3805 1621 3888 properent·

355 3907 400 3969 ria
414 3905 540 3970 Heraltli
555 3907 613 3970 vid.
627 3911 851 3976 observationes
867 3914 899 3976 in
913 3924 975 3974 not.
1035 3911 1094 3974 Sed
1114 3911 1176 3973 sive
1197 3910 1275 3974 hanc
1302 3910 1366 3973 sire
1392 3911 1475 3974 illam
1494 3903 1621 3984 lectionem

356 4012 439 4077 uber.
1034 3999 1259 4100 amplectimur,
1292 4013 1384 4080 rerba
1418 4016 1505 4078 latius
1532 4007 1621 4070 nullan

400 4125 565 4188 ²Amtnosa
581 4119 973 4204 commemorantem·
1028 4142 1151 4187 sensum
1176 4113 1368 4186 commodum
1402 4119 1547 4207 praebent3
1576 4127 1620 4169 ¹¹⁰¹*

354 4225 441 4288 codic
456 4230 588 4312 Regneri
608 4229 705 4294 adhuc
731 4229 893 4315 superstite
912 4222 973 4290 vid.
1033 4228 1113 4290 enim
1142 4228 1245 4291 rident
1268 4229 1409 4306 lectores,
1431 4227 1621 4304 curnegnens

352 4331 529 4418 notuben
575 4417 577 4422 Ι
1033 4336 1111 4400 lilios
1146 4339 1267 4404 suculas¹
1298 4333 1511 4419 appellaverit,
1546 4337 1620 4404 ttt‘lssl

296 4487 300 4494 .
362 4511 365 4520 .
397 4442 462 4502 'St'
477 4433 587 4532 suculae
601 4445 693 4503 verris
717 4443 887 4526 suppliciam
918 4443 973 4500 sci·
1030 4461 1195 4526 porcorum
1231 4452 1277 4502 est
1314 4458 1508 4526 perrumpere
1546 4431 1618 4491 baras·

353 4562 417 4607 rent
435 4531 672 4648 ..properareutl
682 4545 818 4608 Primum
834 4543 917 4630 quod
931 4539 968 4606 ad
1031 4546 1091 4610 Sed
1118 4547 1239 4631 quando
1273 4545 1462 4632 praecipuum
1490 4529 1618 4602 sententie

350 4636 510 4715 lectionem¹
524 4639 745 4730 observandum
765 4665 820 4732 est,
842 4650 971 4734 Stepha·
1031 4663 1218 4715 momentum
1237 4653 1283 4715 rel
1300 4635 1445 4714 lelandice
1464 4647 1509 4711 rel
1530 4634 1618 4703 Danloe

350 4756 434 4818 oium
451 4741 496 4818 'ex'
506 4761 695 4823 correctione
710 4759 844 4844 posuisse
865 4761 971 4819 scireut
1031 4759 1218 4842 exprimitur,
1241 4780 1309 4821 mox
1323 4769 1409 4842 patet
1421 4777 1455 4819 ex
1477 4741 1572 4813 litteris
1585 4759 1618 4802 tt·

352 4905 376 4920 ..
393 4851 596 4946 properarent.
636 4864 741 4929 Editio
757 4861 899 4947 princeps
915 4861 970 4923 mi·
1029 4864 1215 4944 sonantibus,
1234 4864 1286 4927 hic
1299 4863 1356 4948 legi
1375 4857 1617 4934 sententiamque
