3548 5470
215 294 221 314 ’
358 315 406 389 oo
703 307 879 380 aaron.
900 306 1008 379 nan.
1036 307 1175 402 eman
1189 307 1229 378 11.

304 523 484 620 lluctunrn
504 519 667 620 allapsus
681 499 840 616 excepit3
865 516 1078 590 econtrario
1096 512 1269 588 fluctibus
1291 513 1499 592 obviantem
1515 514 1625 596 obri·

304 673 347 722 us
361 647 455 720 ensis
469 641 655 742 implicuit.
688 644 875 740 Aquarum
890 637 1026 713 eluvies
1043 641 1180 710 cruoris
1196 639 1387 736 aspergine
1401 637 1624 714 foedabatur.

435 769 546 842 Victis
568 767 690 864 itaque
711 765 872 853 Rutenis,
896 767 1013 860 patria
1026 758 1201 837 Frothoni
1217 764 1400 858 repetitur.
1452 763 1628 854 Quicum

302 890 441 990 legatos
458 895 495 960 in
508 888 677 961 Rosciam
699 884 862 985 exigendi
883 883 1008 958 tributi
1024 881 1146 956 studio
1160 883 1301 974 missos,
1322 882 1525 958 incolarum
1538 909 1628 982 per-

303 1010 407 1110 fidia,
442 1015 553 1084 anoci
578 1013 702 1082 mortis
718 1031 849 1107 genere
878 1021 1112 1104 consumptos
1144 1002 1462 1097 animadverteret,
1487 1005 1652 1106 duplici‘

304 1138 433 1234 injuria
465 1147 653 1234 permotus
692 1128 831 1218 ,urbem
861 1127 1046 1205 Rotalam¹
1085 1144 1184 1204 arcta
1210 1126 1409 1206 admodum
1433 1128 1628 1204 obsidione

303 1260 541 1356 persequitur.
603 1256 744 1346 Quane
766 1250 869 1326 fluvii
893 1253 1081 1325 interstitio
1105 1250 1323 1350 prohibente
1338 1251 1475 1328 tardius
1488 1255 1628 1352 potire-

302 1395 372 1471 tur,
404 1383 609 1453 universam
627 1401 734 1474 aquae
755 1373 889 1448 molem
913 1399 1010 1450 nova
1030 1375 1194 1456 rivorum
1212 1374 1417 1453 diversitate
1431 1380 1625 1474 pertitus²‚

303 1529 347 1592 ex
367 1506 499 1602 ignotae
521 1497 775 1600 profunditatis
798 1494 904 1570 alveo
926 1493 1096 1570 meabilia
1123 1495 1217 1572 vada
1246 1497 1415 1596 perfecit;
1448 1523 1516 1572 nec
1540 1513 1651 1572 ante·

303 1623 454 1716 destitit,
486 1647 599 1722 quam
621 1618 783 1720 rapidior
804 1634 930 1693 vortex
953 1615 1102 1694 dividuo
1126 1624 1324 1697 minoratus
1350 1623 1524 1696 excursu³
1544 1620 1628 1696 lan·

302 1745 467 1848 guidiore
482 1742 597 1818 undas
614 1722 721 1841 lapsu
738 1757 871 1841 ageret,
904 1765 947 1816 ae
961 1767 1029 1840 per
1044 1741 1153 1816 exiles
1168 1740 1282 1818 flexus
1298 1741 1434 1820 vadosa
1447 1742 1627 1842 paulatim

303 1869 553 1954 constrictione
568 1881 773 1940 raresceret.
808 1866 861 1936 Ita
878 1889 984 1939 amne
1005 1861 1154 1955 domito,
1176 1863 1354 1964 oppidum
1371 1883 1508 1940 naturae
1525 1863 1625 1965 prae·

302 1990 395 2070 sidio
412 2015 570 2066 vacuum
586 1986 758 2062 inoffensa
779 1985 931 2060 militum
945 1988 1144 2084 irruptione
1163 1993 1367 2086 prosternit.
1418 1990 1483 2062 His
1511 1989 1626 2088 gestis
1666 1978 1673 1989 ’

305 2113 354 2198 ad
375 2113 506 2188 urbem
527 2110 739 2186 Paltiseam⁴
766 2112 961 2186 exereitum
990 2107 1150 2192 contudit
1217 2113 1336 2204 Quam
1364 2110 1504 2187 viribus
1527 2112 1624 2186 inri-

304 2255 398 2312 ctam
424 2252 523 2308 ratus
544 2231 684 2307 bellum
700 2229 843 2308 fallacia
856 2233 1016 2306 mutavit
1064 2229 1261 2331 Siquidem,
1277 2234 1406 2332 paucis
1423 2230 1626 2313 admodum

298 2359 469 2452 consciis,
493 2359 624 2456 ignotae
641 2359 827 2454 opacitatis
841 2352 999 2429 latebras
1015 2355 1152 2452 petivit,
1177 2357 1518 2454 extinctumquese,
1543 2381 1624 2452 quo

304 2486 422 2556 minus
437 2476 532 2554 hosti
546 2483 689 2554 terroris
706 2475 865 2566 afferret,
900 2475 1013 2576 vulgo
1035 2482 1197 2556 nunciati
1221 2480 1430 2578 praeeepit⁵.
1479 2475 1624 2555 Additae

304 2607 342 2678 in
364 2601 475 2678 fidem
511 2604 672 2700 exequie
705 2599 940 2698 tumulusque
963 2615 1202 2688 constructus.
1235 2597 1323 2674 'sed
1343 2617 1379 2674 et
1392 2597 1521 2685 milites
1536 2625 1626 2676 con·

304 2727 380 2802 scio
394 2723 530 2820 fraudis
545 2749 704 2798 moerore
719 2719 926 2797 simrdatum
943 2721 1046 2798 ducis
1064 2720 1205 2803 obitum
1219 2740 1500 2824 prosequuntur.
1539 2727 1624 2817 Qua

303 2848 400 2924 sarna
414 2872 478 2921 rex
492 2845 595 2920 urbis
609 2846 815 2942 Vespasius,
846 2843 997 2944 perinde
1023 2870 1067 2920 ac
1092 2847 1242 2922 victoria
1264 2848 1420 2946 potitos,
1446 2863 1520 2924 tam
1540 2846 1623 2923 lan·

350 3094 485 3158 ‘Urbem
513 3086 667 3171 Rotalmn]
704 3092 740 3152 ln
774 3087 933 3156 Estlandia
995 3090 1206 3176 quodamnodo
1220 3096 1368 3176 eugendus
1383 3110 1438 3174 est,
1451 3094 1558 3182 pedem
1572 3101 1629 3158 sui

303 3210 420 3262 tractus
434 3194 558 3283 qnidam
580 3197 702 3260 nomine
720 3196 852 3258 Rotaliae
872 3193 934 3258 luit
982 3198 1061 3280 fagit
1092 3197 1217 3284 affectus
1226 3243 1239 3270 ,
1268 3205 1357 3262 serar't
1392 3217 1421 3264 ct
1441 3203 1625 3267 ,minoratum

303 3304 472 3388 imignitus.
513 3301 738 3366 MillersBeslt.
754 3299 930 3366 ofwerEst·
992 3300 1173 3365 Guillelmus
1201 3301 1380 3366 Armoricae
1407 3262 1626 3390 Plrilippeidos

302 3407 376 3472 land
391 3432 422 3494 p.
439 3405 551 3488 5566,
576 3408 686 3473 Sultms
712 3408 834 3471 eritislte
849 3410 929 3473 Hier.
988 3405 1042 3470 lib.
1060 3404 1096 3471 1:
1117 3425 1151 3470 ut
1165 3413 1296 3472 meretum
1309 3415 1480 3493 regelmotu
1496 3435 1626 3496 quocun·

303 3513 399 3580 νοω
414 3537 445 3600 p.
461 3511 529 3577 155.
558 3512 632 3579 lnde
645 3527 735 3579 autor
747 3516 929 3580 narrationis
990 3536 1044 3598 que
1070 3519 1201 3576 meitoret.
1275 3517 1386 3578 Petrus
1416 3515 1625 3601 Chrysologns

302 3640 416 3686 nonan
426 3620 511 3688 urbis
524 3620 663 3690 tumtun
676 3617 807 3686 videtur.
991 3619 1088 3684 deret.
1104 3621 1266 3686 Lxxxve
1293 3623 1375 3706 Quen
1387 3647 1438 3686 nee
1457 3627 1626 3686 minoratur

348 3732 463 3810 ²Aqua
476 3730 576 3794 molem
593 3751 670 3792 nava
690 3732 817 3792 nieorum
836 3729 931 3792 damr-
991 3729 1073 3794 Deus
1092 3730 1123 3788 tir
1135 3727 1248 3792 Ιιοηιίιισ
1268 3750 1319 3792 nee
1339 3735 1436 3794 mutus
1448 3746 1625 3795 crementur

302 3838 390 3898 sante
416 3828 562 3919 paterius]
586 3833 636 3894 De
660 3829 756 3894 hocce
784 3844 932 3918 stratege,
993 3833 1162 3914 elafimbrt'a.
1196 3833 1294 3896 serm.
1307 3835 1412 3902 LXVt
1433 3840 1527 3900 Neine
1547 3859 1624 3920 ergo

302 3951 384 4004 neate
398 3935 461 4006 vid.
477 3948 541 4003 nol·
555 3935 606 4004 ub.
991 3941 1034 4000 sic
1040 3939 1142 4020 filium
1156 3942 1279 4002 armaret
1285 3943 1439 4027 preculas,
1457 3965 1493 4005 ne
1502 3957 1624 4028 patrem

224 4049 228 4057 “
348 4043 501 4110 ³Dneileo
519 4049 681 4108 muneratus
703 4042 840 4125 ncursu]
862 4049 932 4110 Hoc
992 4045 1358 4110 ct'rcnealuternltomr'num
1372 4051 1552 4110 n‘emrnorea
1567 4045 1623 4128 (8)

301 4161 358 4229 est,
372 4147 554 4222 deminutio.
586 4141 640 4214 'lte
656 4149 743 4233 loqui
753 4162 858 4216 ament
867 4150 932 4216 iati-
987 4193 990 4198 ·
1038 4149 1174 4212 *Urbem
1199 4148 1375 4233 Peltuinum]
1399 4151 1516 4216 Eadem
1536 4163 1624 4216 osne

301 4277 336 4320 ua
352 4268 383 4322 ot
397 4253 564 4340 superioris
587 4254 645 4320 ori
666 4253 850 4340 scriptorem
871 4261 932 4338 Ra·
991 4252 1065 4319 urhe
1080 4265 1136 4332 est,
1150 4275 1218 4339 qim
1233 4254 1361 4322 Ideodie
1372 4260 1487 4324 saeenlo
1502 4258 1623 4322 decimo

301 4359 434 4454 dtdplaus
454 4358 623 4430 odenato
650 4363 786 4428 Humilia
812 4364 847 4426 in
867 4367 933 4428 Do·
991 4358 1086 4424 tertio
1101 4357 1157 4424 sub
1176 4362 1300 4428 nomine
1324 4365 1482 4431 Patentis
1497 4366 1625 4428 innotu-

302 4467 443 4532 mininam
457 4470 513 4534 Vll
521 4479 594 4552 post
605 4467 780 4536 Trinitatin
794 4457 865 4535 Nola
878 4475 931 4532 mi-
992 4479 1058 4530 erat
1076 4463 1152 4544 (rid.
1160 4467 1375 4551 Sagabihlnol.
1390 4467 1455 4554 ap.
1471 4466 1554 4551 178);
1565 4471 1626 4533 lto-

302 4572 455 4637 noraditur
479 4575 638 4656 defectibus
645 4620 658 4647 ‚
687 4577 740 4640 sed
766 4582 846 4640 omni
860 4601 931 4662 pen·
990 4569 1214 4638 dltPletcovia.
1230 4575 1624 4660 Stephpasuittteteinam

293 4677 427 4762 sectione
452 4679 618 4747 abundabit.
672 4679 744 4744 Jolt.
768 4681 931 4746 Sarisberl·
1036 4682 1280 4744 *merueramus
1295 4685 1534 4765 sulgonanrt'ori
1542 4707 1625 4770 prte-

302 4781 380 4844 ensis
412 4780 589 4846 Policratici
620 4784 673 4845 lib.
707 4787 763 4851 Vll
784 4805 850 4870 cap.
877 4785 930 4850 13:
991 4782 1081 4872 cepit]
1102 4787 1150 4848 De
1163 4784 1224 4850 lma
1240 4785 1314 4851 dolo
1328 4787 1388 4852 rid.
1408 4799 1475 4850 not.
1488 4785 1538 4849 ab.

302 4894 353 4970 qui
382 4892 554 4970 cogitatione
580 4892 778 4974 temporalium
787 4936 799 4963 ,
828 4895 929 4974 quibus
