3446 5458
399 295 472 364 222
738 291 913 362 HtsTott
929 291 1035 364 DAN.
1051 291 1188 366 LlBER
1207 293 1247 367 V.

347 501 616 604 expurgemus
636 497 798 594 aoeursu,
817 523 899 572 urm
916 501 1137 576 imminentes
1166 499 1280 602 capiti
1295 501 1434 603 gladios
1457 514 1613 608 stupetis-

346 643 410 718 set,
430 625 525 700 dicto
542 647 709 724 nuru-cre
728 623 895 715 nomine,
915 623 1016 720 quod
1038 623 1125 698 olim
1146 625 1241 698 inter·
1255 623 1416 724 pericula
1439 631 1615 730 uuinupue

345 748 606 848 jussusluerat,
622 761 833 846 promptum
847 747 1061 823 necessitatis
1073 745 1270 820 remedium
1287 755 1526 846 ex'pertus'esu
1544 751 1616 852 Cly-

346 895 438 969 peus
459 874 551 944 euim
575 869 671 966 ejus,
701 869 766 966 qui
781 867 969 944 sublimius
989 859 1013 941 a
1037 869 1141 942 trabe
1161 867 1343 968 pendebat
1351 893 1365 960 ,’
1387 870 1485 946 illico
1500 873 1615 946 inrum

347 993 527 1092 collapsus
546 994 680 1066 inerme
708 1015 841 1098 corpus
855 990 958 1090 quasi
973 989 1019 1064 de
1034 989 1216 1082 industria,
1237 1017 1320 1066 nea
1339 993 1532 1068 latronibus
1543 1015 1616 1067 oon-

346 1113 538 1207 foderetur,
555 1113 701 1189 obterit
751 1118 796 1186 At
811 1111 880 1205 ille,
897 1111 1039 1187 lortuna
1050 1111 1150 1186 haud
1163 1113 1292 1188 frustra
1308 1139 1405 1206 usus,
1416 1117 1559 1214 proximi
1569 1115 1618 1190 la·

262 1316 270 1334 ,
344 1243 458 1310 tronis
480 1253 675 1335 utrumque
690 1236 822 1336 pedem
837 1253 941 1334 rapto
963 1234 1123 1312 desecuit
1139 1235 1247 1320 semo,
1273 1253 1276 1260 ·
1299 1236 1455 1310 Alterum
1478 1241 1618 1312 Gunrara

344 1384 419 1432 non
433 1359 567 1456 impetu
581 1361 710 1434 minori
724 1360 827 1434 hasta
842 1356 1038 1450 transfodit,
1063 1357 1231 1432 muliebri
1245 1383 1399 1459 corpore
1416 1357 1544 1434 virilem
1556 1361 1619 1431 aui-

344 1505 445 1556 mum
461 1505 620 1580 sequane

476 1601 611 1678 Taliter
624 1603 749 1678 Ericus
765 1600 901 1677 insidiis
917 1585 1099 1695 liberatus,
1113 1605 1262 1702 repetito
1279 1601 1368 1676 mari
1381 1617 1557 1680 nocturne
1564 1623 1620 1672 na·

345 1727 515 1830 rigatori
532 1749 572 1800 se
596 1741 785 1824 praeparat.
849 1724 1070 1802 AtRollerus
1094 1726 1147 1818 iis,
1166 1725 1228 1823 qui
1247 1727 1448 1802 comminus
1475 1722 1623 1814 excubate

344 1851 433 1950 jussi
457 1848 615 1936 fuerant,
638 1852 780 1946 siguum
803 1846 1044 1946 irrumpendae
1065 1853 1172 1947 regiae
1195 1846 1283 1920 liluo
1304 1845 1412 1922 dedit.
1488 1850 1621 1940 Quorrx

345 1969 478 2063 audito,
491 1967 647 2042 bostium
670 1968 865 2044 adveutum
880 1969 1025 2044 indicari
1041 1986 1161 2061 ratus,
1183 1993 1345 2070 praeceps
1365 1970 1488 2073 fugam
1505 1972 1621 2067 navigio

206 2095 209 2106 ’
259 2175 262 2180 .
345 2095 468 2169 tenuit.
528 2096 813 2166 lutereaBracus
829 2095 939 2190 etqui
960 2115 1043 2174 cum
1070 2115 1114 2164 eo
1130 2092 1319 2185 irruerant,
1347 2091 1551 2170 convulsam
1572 2117 1621 2164 re·

345 2216 401 2316 gis
414 2213 695 2314 suppellectilem
719 2217 810 2288 Erici
837 2213 990 2288 navibus
1012 2213 1266 2312 imponendam
1287 2215 1468 2290 unabunt.
1523 2211 1621 2288 bledl-

345 2363 408 2414 um
429 2337 542 2414 terme
565 2343 678 2412 noctis
698 2335 847 2438 agendis
871 2338 1072 2434 impensum
1096 2353 1149 2412 est
1171 2335 1314 2435 praedis.
1369 2341 1528 2431 Quorum
1541 2359 1622 2409 mane

345 2486 408 2534 rer
421 2465 568 2560 cognita
585 2459 685 2560 iuga,
700 2465 956 2534 insecutionem
977 2457 1131 2550 molitus,
1155 2483 1221 2558 per
1236 2461 1435 2534 amicorum
1458 2457 1623 2562 quendum,

345 2579 498 2681 nequid
517 2581 637 2656 subito
668 2601 812 2681 pararet
834 2589 899 2658 aut'
911 2609 994 2656 cum
1012 2585 1146 2680 impetu
1167 2597 1420 2680 exequeretur,
1447 2582 1622 2657 admonitus

345 2721 408 2779 est.
447 2703 734 2780 Persuadebatur
755 2711 904 2804 quippe,
927 2707 1065 2804 majore
1086 2705 1317 2780 instrumento
1338 2729 1435 2804 opus
1457 2729 1546 2798 esse,
1575 2725 1625 2774 ner

345 2825 525 2927 expedire,
550 2853 635 2900 cum
649 2833 772 2926 paucis
786 2830 821 2900 in
837 2829 989 2900 Daniam
1014 2828 1188 2925 consequi
1205 2826 1389 2928 fugientes.
1453 2826 1521 2901 Sed
1537 2825 1626 2899 nesio

219 3031 226 3046 ⁸
345 2949 493 3048 quideru
523 2951 708 3048 impatiens
738 2954 880 3024 animus
902 2950 1023 3024 damni
1043 2951 1216 3048 impetum
1239 2951 1377 3049 pressit.
1431 2949 1527 3024 rutil
1553 2951 1625 3020 enirn

346 3076 460 3171 magis
481 3089 644 3146 moverat
674 3097 815 3171 regem,
851 3100 962 3172 quam
990 3073 1092 3174 quud
1105 3071 1229 3146 alienae
1247 3071 1361 3146 cladis
1384 3089 1529 3172 parante
1550 3071 1627 3142 reci-

345 3193 455 3268 disset
470 3197 617 3268 iusuos.
668 3196 888 3295 'Euavigaus
922 3213 1042 3272 autem
1070 3221 1132 3270 rex
1157 3197 1320 3294 perveru't
1343 3197 1554 3296 inportuni,
1580 3187 1628 3288 qui

345 3339 441 3390 nnuc
457 3315 506 3388 ab
521 3319 621 3392 (διιιί1
638 3317 861 3395 vocabulum
874 3335 977 3394 tenet.
1037 3319 1108 3394 Ubi
1121 3317 1275 3395 adversa
1287 3333 1500 3417 tempestate
1514 3315 1629 3400 oborta,

347 3435 521 3512 alimentis
547 3437 725 3532 defectus,
764 3444 874 3516 satius
897 3443 1090 3516 arbitratus
1117 3459 1171 3520 est
1202 3439 1376 3515 moriendi
1408 3443 1629 3512 necessitatem

347 3559 443 3634 semo
457 3559 591 3652 subire,
616 3586 728 3658 quum
745 3562 851 3637 fame.
901 3569 1027 3664 ltaque
1046 3569 1189 3654 nautici,
1203 3589 1310 3637 manu
1326 3568 1364 3636 in
1379 3565 1521 3662 seipsos
1534 3579 1630 3644 veru,

347 3680 489 3756 alteruis
506 3681 715 3758 uulneribus
731 3685 978 3762 acceleravere
994 3687 1119 3761 fatum.
1169 3689 1245 3760 Rex
1265 3711 1348 3760 cum
1369 3689 1498 3784 paucis
1515 3679 1630 3754 munti-

347 3831 411 3902 um
425 3821 610 3905 prerupta
622 3821 766 3880 secutus
780 3807 942 3884 elabitur.
994 3807 1168 3882 Indicium
1184 3806 1295 3884 cladis
1319 3807 1431 3883 colles
1452 3803 1535 3880 editi
1550 3825 1633 3902 pra·

347 3928 460 4007 beru.¹
509 3931 645 4000 luteres
667 3931 772 4002 Erico
795 3955 971 4032 prospere
999 3932 1261 4032 navigationem
1285 3955 1453 4022 emenso,
1484 3925 1632 4002 Frothoui

348 4077 432 4126 cum
448 4048 590 4126 Alvilda
605 4052 741 4148 nuptia·
760 4068 848 4126 aotae
865 4071 958 4128 sunt.

478 4177 562 4248 Post
579 4171 659 4248 hoec
675 4173 886 4250 Selavorum
898 4174 1088 4250 mandatur
1100 4178 1284 4276 irruptio².
1346 4172 1405 4247 Ad
1419 4197 1532 4274 quam
1545 4193 1635 4246 coer·

393 4427 498 4512 ¹flrru]
515 4431 668 4516 Opinatur
689 4431 896 4500 Werlauffius
917 4453 973 4497 no*
1030 4433 1106 4496 uella
1124 4432 1241 4498 delatus
1265 4445 1310 4497 est
1333 4451 1386 4496 rex
1404 4427 1564 4514 Norregite
1585 4425 1636 4486 Ht-

347 4545 410 4596 ster
428 4555 485 4618 per
500 4533 568 4606 ldmi
579 4537 812 4622 intelligendum
826 4561 890 4606 esse
899 4561 972 4625 pur·
1030 4558 1090 4604 cou
1111 4539 1287 4604 Hacouides'
1308 4537 1382 4619 (rid.
1402 4537 1477 4602 bist.
1499 4534 1635 4620 rupdor·

348 4650 414 4728 tum
432 4639 463 4702 iu
484 4644 642 4732 prurinpiu
658 4643 770 4724 ludria,
789 4645 863 4708 olim
882 4651 971 4709 iAu·
1030 4665 1097 4732 reg.
1119 4635 1226 4714 votv
1246 4669 1277 4732 p.
1295 4637 1375 4726 144.)

348 4767 424 4805 raum
438 4740 561 4828 dietum,
581 4749 715 4832 inquem
731 4749 815 4831 juxta
835 4749 972 4814 codicem
1075 4755 1278 4817 ²Srlauorum
1317 4747 1479 4816 mandatur
1516 4735 1634 4832 r'rruptio]

350 4847 561 4912 stauarum
573 4851 735 4934 aliquando
749 4854 893 4920 saviente
900 4879 972 4940 pro·
1028 4859 1194 4924 Mandatus·
1205 4859 1257 4924 blo
1268 4859 1400 4944 pesitum
1416 4857 1634 4942 promereantur,
