3520 5462
375 319 426 398 bl
722 307 897 390 ffls'rott.
920 317 1026 392 DAN.
1040 317 1178 393 LIBER
1200 321 1240 392 ll

325 543 443 610 ctione
459 528 702 606 mulctandam
723 527 884 628 putabat.
942 529 1056 629 Cujus
1076 529 1154 604 doli
1170 525 1408 630 profunditas,
1428 529 1627 606 abintimis

325 658 462 730 astutiae
475 651 592 730 modis
606 651 781 752 proiectu,
805 650 1019 728 baudiscile
1034 679 1077 728 es
1091 652 1164 727 boc
1179 652 1331 727 discerni
1345 665 1504 752 poterat,
1529 651 1627 752 qnsd

325 773 554 879 permutandi
580 776 649 848 tori
668 771 826 848 studium
848 773 1018 848 affectate
1042 775 1216 848 libertatis
1230 780 1386 874 imagine
1410 773 1627 852 oolorabut¹.

325 907 472 977 Coecam
486 902 552 972 viri
570 912 741 986 mentem,
776 918 859 996 quaa
876 909 1026 998 matrem
1040 895 1232 972 adversum
1247 897 1311 972 lilii
1337 905 1447 997 caput
1462 901 1629 970 exarsisse

324 1026 477 1125 putavit,
500 1044 569 1094 nec
583 1045 685 1094 suam
703 1021 823 1118 potius
837 1023 927 1094 suni
944 1023 1139 1118 perniciem
1155 1012 1340 1096 intellexit!
1359 1017 1536 1093 Stolidnm
1547 1041 1628 1090 m·

324 1149 379 1221 riti
390 1169 547 1230 sensum,
562 1143 626 1240 qni
638 1145 867 1241 pervicacem
880 1146 1003 1214 uxoris
1018 1137 1231 1216 industriam
1246 1167 1318 1216 uon
1333 1139 1497 1232 advertit,
1509 1154 1629 1213 trane

325 1265 461 1344 ferendi
479 1263 651 1340 connubii
666 1265 808 1363 copiam
824 1263 940 1358 filialis
956 1261 1031 1335 odii
1045 1265 1165 1361 speeie
1181 1261 1405 1339 molientem!
1431 1265 1522 1336 Gsrn
1536 1265 1631 1334 enim

324 1391 423 1466 nulla
446 1385 685 1463 muliebribus
705 1391 830 1460 animis
851 1384 986 1460 fidncia
1009 1383 1203 1478 debeatur,
1236 1388 1267 1460 is
1289 1400 1388 1459 tanto
1406 1383 1629 1471 stolidiorem

324 1515 463 1588 femiuoe
491 1508 601 1584 fidem
628 1506 772 1598 detulit,
797 1521 934 1610 quanto
950 1507 1088 1582 facibus
1102 1533 1181 1580 earn
1194 1507 1265 1582 sibi
1280 1506 1408 1598 fidam,
1437 1505 1513 1582 filio
1541 1507 1631 1582 insi-

324 1635 462 1710 diosam
479 1637 628 1732 putavit.
688 1635 801 1732 igitur
816 1631 1075 1725 promissorum
1090 1617 1335 1731 magnitudine
1348 1631 1482 1704 excitus
1503 1629 1631 1718 Rolso,

325 1783 411 1834 cnm
441 1755 542 1829 Atisli
562 1754 654 1828 sorte
677 1767 824 1854 penates
848 1757 1051 1851 ingressns²
1088 1753 1138 1828 ob
1168 1753 1352 1828 absentiae·
1365 1752 1633 1826 diuturnitatem

326 1879 584 1976 convictusque
611 1873 881 1949 desuetudinem
906 1900 1075 1974 parumn
1107 1893 1221 1950 matre
1243 1888 1540 1975 cognosceretur,
1573 1871 1632 1946 le·

325 1999 465 2074 niendoe
481 1997 585 2072 samis
601 1995 804 2073 subsidium
819 2022 887 2097 per
900 2001 1023 2097 jocum
1041 2015 1168 2098 petere
1180 2003 1301 2098 coepit.
1352 1999 1432 2088 Qua
1440 1992 1632 2094 paudum

325 2147 447 2221 arege
470 2119 692 2220 poscendum
707 2119 884 2212 hortante,
908 2119 1063 2196 laceram
1085 2127 1291 2197 vestis-snas
1313 2133 1453 2218 partem
1484 2139 1632 2192 exerens

323 2269 473 2344 operam
489 2250 690 2317 consuentis
705 2249 874 2341 exposcit.
939 2247 1030 2318 Cum
1044 2243 1234 2319 obseratas
1250 2244 1372 2316 matris
1388 2263 1494 2315 aures
1508 2237 1632 2314 balse-

257 2391 259 2398 ’
325 2384 400 2459 ret,
423 2363 583 2455 difficile,
607 2369 734 2463 inquit,
761 2391 883 2439 veram
908 2391 951 2440 ac
974 2367 1127 2443 solidam
1148 2368 1340 2441 amicitiam
1353 2363 1522 2464 reperiri,
1547 2387 1633 2436 cnm

308 2487 398 2593 *filio
423 2505 537 2564 mater
566 2485 734 2586 epulum,
762 2487 861 2561 fratri
885 2513 989 2564 soror
1012 2487 1137 2565 suendi
1164 2489 1381 2587 obsequium
1403 2501 1521 2586 neget
1580 2487 1635 2560 lm

323 2615 444 2686 mattis
460 2635 582 2685 errore
596 2608 779 2701 mulctato,
792 2633 963 2711 magnum
980 2608 1095 2686 eidem
1112 2627 1250 2711 negatae
1267 2607 1495 2686 humanitatis
1510 2605 1633 2682 rubo-

323 2759 401 2810 rem
415 2735 547 2832 injecit.
598 2735 713 2826 Quem
728 2758 812 2808 cum
829 2733 961 2808 Attalns
978 2739 1069 2808 inter
1081 2733 1208 2834 epulas
1225 2737 1328 2807 matri
1344 2729 1527 2806 discubitu
1539 2731 1633 2828 jun-

325 2873 423 2931 ctum
439 2861 625 2954 aspiceret,
651 2871 845 2954 utrumque
867 2855 1023 2930 lasciviae
1046 2859 1249 2955 increpans,
1273 2851 1496 2952 impudicum
1512 2851 1633 2932 stabis

324 2983 530 3077 sororisque
544 3001 753 3052 consessum
768 2984 927 3052 asseruit.
965 2981 1031 3054 Cui
1047 2977 1176 3069 liolvo,
1190 2977 1436 3052 honestum'in
1450 2973 1527 3050 filio
1543 2992 1632 3050 mn-

324 3116 437 3175 ternas
460 3102 613 3202 caritatis
642 3099 865 3198 amplexum,
892 3101 1097 3200 respondit,
1126 3101 1300 3175 lacessitae
1325 3099 1534 3197 integritatis
1558 3095 1633 3174 de·

324 3224 522 3298 sensionem
543 3222 591 3295 ab
613 3225 810 3298 arctissimo
832 3240 969 3298 naturae
985 3222 1132 3298 vinculo
1145 3233 1148 3242 '
1160 3237 1353 3297 mutuatus.
1405 3219 1517 3312 Idem,
1537 3243 1632 3320 per-

324 3345 574 3421 cunctantibus
589 3347 760 3438 conrivis,
785 3346 887 3446 quod
902 3343 1117 3422 fortitudinis
1138 3366 1252 3446 genus
1270 3348 1417 3419 canteris*
1429 3342 1632 3434 anteferret,

323 3470 526 3568 patientiam
541 3471 746 3543 nominarit.
805 3473 1045 3569 Interrogatus
1060 3468 1109 3542 ab
1127 3467 1253 3543 iisdem
1269 3464 1412 3559 Atislns,
1437 3473 1494 3541 cni
1511 3471 1632 3567 posis·-
1743 3521 1744 3544 r

322 3596 453 3664 simum
485 3591 606 3664 virtuti
628 3606 796 3664 votorum
812 3617 960 3666 suorum
993 3591 1151 3666 studium
1175 3589 1387 3689 obligasset,
1426 3588 1633 3664 liberalita-

323 3713 366 3786 tis
385 3710 456 3786 sibi
476 3711 736 3809 professionem
754 3715 898 3812 aptavit.
960 3715 1160 3813 Exiguntur
1183 3717 1290 3813 igitur
1309 3712 1394 3786 hinc
1417 3715 1632 3788 animosita-

322 3841 377 3925 tis,
404 3831 487 3908 inde
502 3833 750 3908 munificentia
765 3852 889 3935 pacta,
913 3838 1086 3936 priorque
1109 3835 1229 3910 Rolvo
1244 3837 1383 3912 virtutis
1400 3841 1633 3936 experimen·
1743 3899 1744 3918 ,

368 4157 378 4189 ⁸
398 4151 553 4237 Affletotoe
579 4151 722 4212 libertatis
748 4153 874 4232 imagine
901 4175 947 4212 co·
1005 4175 1074 4214 cora
1094 4169 1151 4224 est,
1167 4159 1196 4214 si
1211 4155 1426 4216 benenatum
1436 4153 1632 4238 precesserit.

320 4253 451 4338 iurabat]
480 4257 619 4321 colorare
649 4266 695 4318 est
727 4254 845 4333 velare,
889 4253 945 4317 sub
1002 4256 1176 4320 Lactantius
1184 4255 1297 4320 liburie
1305 4253 1382 4320 salso
1391 4255 1548 4339 religione:
1560 4259 1633 4318 Eoi

321 4374 473 4447 praetextu
500 4359 613 4446 aliquid
636 4379 792 4438 excusare,
831 4357 945 4445 aliquid
1004 4361 1088 4435 dens,
1108 4379 1141 4426 ut
1156 4370 1273 4451 opticus,
1287 4367 1436 4439 abcessum,
1455 4368 1537 4452 quod
1548 4365 1631 4428 nullo

321 4464 522 4551 praetendere.
586 4466 636 4532 Sic
664 4465 823 4552 aliquoties
847 4465 945 4552 loqui·
1006 4470 1090 4531 modo
1102 4488 1203 4557 posset
1227 4474 1360 4536 colorari.
1381 4469 1430 4556 (S)

320 4583 372 4632 tur
394 4575 482 4637 Saxo.
543 4571 697 4636 Jobannes
719 4573 945 4638 sarisberiensis
1050 4578 1170 4640 2Αιιζσὶι·
1187 4581 1312 4664 penates
1336 4573 1497 4664 engressus]
1518 4575 1629 4646 Var’ms

320 4677 431 4742 Saroni
446 4677 511 4742 iere
526 4697 644 4742 coesus
666 4677 719 4740 lib.
737 4683 750 4740 l
766 4678 945 4745 Poliorstici
1004 4675 1042 4742 de
1060 4678 1130 4743 fatis
1146 4681 1236 4766 bujns
1257 4684 1375 4750 itineris
1385 4681 1548 4750 relationes
1564 4679 1626 4748 sid·
1743 4693 1744 4774 ]

319 4801 386 4868 cap.
406 4773 443 4847 ‘lt
466 4785 566 4870 Opera
582 4787 762 4868 singulorum
785 4801 823 4846 aa
843 4801 946 4848 euentu
1003 4787 1035 4847 in
1050 4799 1114 4849 not.
1128 4787 1178 4849 ub.
1273 4816 1277 4824 ·

320 4905 350 4950 et
360 4893 514 4974 proposito
527 4889 713 4960 cotronam,-
729 4911 775 4950 res
784 4895 890 4977 quippe
897 4892 946 4952 de·
