3506 5458
694 325 909 401 canoros.
1022 309 1029 320 '
1110 403 1113 409 Α
1333 333 1406 406 snt

152 529 456 626 atqueincolume
474 549 622 626 steterat,
648 559 779 634 parunt
803 535 947 610 sobrius
974 539 1109 634 proprii
1137 537 1254 614 militis
1275 543 1456 622 -oncisioue

150 649 296 727 laxaret.
348 657 515 754 Cumque
528 681 569 730 se
584 655 737 758 legibus,
753 683 846 757 quas
859 661 937 755 ipse
952 658 1087 747 tulerat,
1113 661 1292 737 evidenter
1311 666 1454 738 noxium

151 773 451 870 animadverteret,
477 781 692 877 poenitentiae
714 781 903 854 acerbitate
928 797 1132 878 corruitur,
1153 801 1277 858 vocata
1302 785 1453 868 militum

150 899 333 988 concione,
359 903 456 999 regia
473 902 561 976 sella
574 901 767 994 descendit,
782 905 892 1001 inque
909 909 1069 978 omnium
1089 921 1286 1002 conspectu
1303 905 1453 1004 supplex

149 1016 250 1092 humi
276 1019 452 1098 demissus
478 1023 604 1099 milites
626 1028 804 1100 commissi
822 1025 964 1100 sceleris
977 1051 1106 1124 poenas
1128 1053 1196 1102 suo
1215 1029 1360 1131 arbitrio
1372 1031 1453 1102 cxi-

148 1165 235 1238 gere
247 1144 359 1241 jussit,
383 1143 534 1220 libenter
551 1172 590 1220 se
605 1146 782 1222 decretam
799 1148 847 1222 ab
866 1151 917 1224 eis
933 1173 1080 1247 poenam
1096 1167 1344 1249 suscepturum
1359 1175 1452 1246 pro-

147 1269 297 1341 mittens
350 1270 516 1368 Cumque
530 1270 663 1344 lactum
683 1272 874 1369 majestatis
888 1276 1030 1344 nomine
1047 1281 1136 1346 tueri
1156 1290 1286 1370 posset,
1314 1269 1451 1345 militari

147 1411 187 1460 se
202 1389 498 1464 animadversioni
525 1392 728 1484 substravit,
752 1389 1058 1490 humilitatemque
1074 1395 1353 1471 mansuetudinis
1376 1417 1452 1466 suae

147 1509 406 1592 documentum
432 1537 542 1611 quam
565 1516 658 1588 vires
692 1512 853 1588 elationis
888 1513 1058 1588 indicium
1087 1541 1165 1592 esse
1199 1517 1330 1590 maluit.
1399 1513 1451 1586 llli

148 1639 321 1710 concione
337 1635 572 1733 lacrymantes
589 1642 732 1735 egressi,
759 1635 1016 1710 deliberatione
1031 1641 1127 1728 inita,
1152 1642 1286 1712 tristem
1305 1638 1351 1712 de
1366 1661 1453 1735 rege

147 1763 355 1838 sententiam
370 1757 463 1830 serre
482 1775 519 1830 ut
531 1759 649 1834 minus
661 1758 862 1850 honestum,
887 1761 934 1832 ita
949 1785 1078 1857 parum
1102 1761 1186 1836 utile
1199 1761 1452 1860 perviderunt3

147 1903 221 1952 non
238 1882 362 1977 ignari,
375 1885 512 1960 sineeo
529 1905 607 1962 esre
630 1907 669 1956 se
685 1907 843 1958 vacuum
857 1882 983 1979 spiritu
1006 1907 1151 1982 corpus,
1165 1885 1337 1982 praedam,
1362 1886 1451 1984 qui-

146 1999 217 2076 bus
232 2019 313 2078 ante
325 2005 568 2104 imperassent,
589 2005 740 2078 futuros.
787 2007 977 2080 ¹Postremo
1001 2009 1203 2081 universum
1233 2010 1285 2080 rei
1316 2006 1451 2080 militu-

64 2147 70 2159 “
146 2132 197 2198 ris
220 2141 370 2214 statum,
392 2153 436 2202 eo
456 2153 604 2227 poenam
628 2127 825 2218 subeunte,
855 2125 1007 2200 convelli
1044 2131 1154 2227 inque
1189 2132 1294 2203 unius
1328 2153 1452 2203 omnes

146 2250 602 2346 proscriptionedamnnri3
625 2233 767 2345 lapsuiu
782 2250 861 2345 ejus
878 2254 1017 2323 ruinam
1041 2274 1161 2341 suam,
1190 2251 1451 2326 damnationem

146 2393 336 2447 commune
349 2376 512 2446 omnium
527 2369 730 2470 periculum
745 2369 957 2446 fatebantur.
1009 2373 1122 2472 Igitur
1141 2379 1175 2446 in
1190 2391 1262 2447 tam·
1280 2373 1394 2446 ardua
1412 2397 1450 2446 rc

146 2493 326 2566 sententiae
345 2492 457 2584 dubii,
481 2493 692 2590 creditoque
710 2491 777 2566 sibi
804 2491 941 2591 jndicio
965 2517 1071 2594 aeque
1092 2494 1207 2570 levius
1232 2501 1450 2570 anteriusve

146 2620 194 2688 uti
212 2617 321 2709 veriti,
345 2618 494 2714 proprio
513 2639 633 2716 regern
649 2613 795 2690 arbitrio
821 2615 1012 2690 decrevere
1035 2616 1301 2709 mulctandum,
1324 2623 1449 2692 existi·-

146 2755 293 2829 mantes‚
317 2736 401 2836 plus
420 2741 523 2812 nutui
547 2739 742 2836 majestatis
766 2762 877 2836 quam
896 2745 1117 2839 privatorum
1139 2745 1313 2816 sententiis
1340 2740 1448 2815 dese·

146 2860 308 2936 rendum.
375 2859 611 2934 Emendabile
638 2862 730 2933 enim
762 2859 947 2936 credidere
972 2861 1153 2954 delictum,
1176 2864 1288 2963 ¹quod
1314 2870 1449 2962 impetu

146 2987 260 3084 magis
276 3009 386 3084 quam
402 2983 574 3058 industria
593 3001 802 3058 nosceretur
818 2983 1024 3059 admissum.
1077 2991 1189 3086 Igitur
1214 3013 1257 3060 ex
1283 3013 1326 3060 eo
1341 2986 1448 3084 judi-

146 3133 227 3183 cem
247 3122 413 3200 statuuut,
432 3131 653 3205 poenamque
670 3105 885 3204 praestolanti
910 3111 1127 3206 impunitatis
1151 3115 1342 3206 potentiam
1368 3110 1448 3184 lar-

147 3235 302 3330 giuntur.
359 3233 404 3302 Et
428 3227 581 3329 pulchre
603 3229 751 3328 quidem
784 3231 914 3304 sactum
938 3231 1007 3303 sibi
1029 3231 1213 3330 judicandi
1239 3249 1448 3330 potestatem

147 3355 260 3456 ipsius
275 3352 421 3460 arbitrio
438 3350 677 3448 reddiderunt,
691 3379 736 3428 nc
753 3350 994 3466 difficillimum
1010 3361 1192 3454 negotium
1209 3371 1339 3428 temere
1353 3357 1449 3454 jttcta
1477 3419 1480 3424 Α

147 3643 245 3690 utrum
268 3628 305 3688 ob
320 3627 471 3712 sacr'rrorir
490 3630 647 3688 raucitatem
674 3631 772 3714 capite
827 3643 884 3686 tur.
927 3628 994 3711 Quo
1005 3630 1110 3712 secto,
1122 3651 1216 3712 regem
1235 3610 1379 3713 erigentes
1392 3634 1449 3714 iprr

140 3739 281 3822 prirreeps
289 3734 479 3817 plecteretur,
498 3757 537 3794 art
557 3736 587 3794 ei
600 3749 771 3819 competeret
825 3733 927 3794 delicti
943 3735 1057 3796 certium
1077 3741 1261 3818 gratiamque
1286 3736 1448 3816 radelgem,

148 3842 341 3923 indulgentiu-
374 3842 454 3902 Nam
476 3843 506 3900 si
524 3840 602 3900 datae
622 3843 771 3900 sententiae
826 3842 957 3902 unwani
985 3841 1200 3922 corfirmatr'rirte
1226 3843 1449 3908 conclarrrerrtes,

146 3971 199 4008 reu
218 3947 399 4014 subderetur,
425 3960 562 4025 tunquam
586 3948 720 4029 ocepltelr'
742 3964 771 4008 et
826 3962 873 4016 ut,
893 3950 974 4007 omni
995 3947 1030 4008 de
1050 3962 1153 4008 eutero
1172 3948 1386 4031 dr'rperrsetiorre
1406 3967 1449 4006 se·

141 4053 300 4139 profugia
316 4055 432 4133 regione
444 4054 704 4112 extremum-eruar
716 4055 771 4116 oli·
826 4069 918 4123 mota,
935 4051 1132 4132 hujuscemodi
1148 4053 1388 4134 transgressionis
1406 4072 1450 4110 re·

144 4181 209 4220 erra.
262 4159 317 4220 Sin
344 4171 440 4218 autern
463 4159 548 4238 regite
572 4157 772 4238 indulgeretur
826 4181 860 4218 us
895 4160 977 4218 rrulia
1014 4161 1044 4216 ire
1074 4174 1223 4241 porterum
1247 4156 1449 4240 satisfactione

146 4267 329 4333 terrerentur,
356 4267 549 4348 eorrupttirnir
567 4278 596 4323 et
621 4265 772 4346 indulgen·
827 4268 906 4325 tenti
934 4265 1035 4324 delr'cti
1065 4267 1272 4326 immunitatem
1302 4265 1449 4347 expiaret,

146 4371 366 4455 trieexerrrplum
385 4373 495 4430 ceteris
512 4391 613 4429 aurern
628 4371 775 4454 peccandi
826 4369 879 4430 red
898 4370 947 4428 uel
970 4371 1123 4455 eupr'tele'm
1144 4369 1252 4430 subiret
1279 4371 1450 4430 sententiam

143 4477 292 4562 praeberet.
350 4477 497 4540 Uurbersoe
519 4475 637 4536 taudem
660 4475 774 4536 colrortr'
825 4477 873 4535 trel
883 4477 999 4546 saltem,
1009 4491 1169 4562 temperato
1186 4478 1296 4558 rigore,
1308 4490 1340 4534 ut
1352 4489 1449 4534 ector·
1569 4493 1572 4500 ’

144 4585 204 4644 lroec
218 4584 336 4669 placuit
355 4585 511 4652 sententio,
531 4597 577 4652 ut,
595 4582 713 4662 jactato
741 4587 771 4644 r'u
828 4585 889 4652 ris,
916 4581 1069 4666 presagus
1097 4597 1126 4642 et
1154 4582 1192 4642 ab
1220 4584 1300 4642 ortui
1328 4582 1451 4642 rrrrlitarr'

145 4690 239 4752 andra
253 4692 398 4752 conciente
406 4690 572 4775 pulur'rteri,
585 4693 668 4771 regia
682 4688 772 4769 maje-
824 4688 959 4770 collegit,
982 4713 1046 4749 eum
1061 4690 1205 4775 probroso
1225 4688 1449 4772 nuncupationis

143 4795 430 4882 surpereminet,
448 4795 540 4876 r'ir'que
559 4799 707 4856 mamutio·
726 4797 773 4858 uel
823 4793 973 4863 uocetur,
990 4793 1023 4854 r‘d
1034 4809 1091 4867 ert,
1107 4793 1327 4876 Nitlu'rtgrortlt,
1342 4787 1453 4872 ejectus‘
1523 4801 1526 4814 '

145 4903 355 4986 r'rrdulgerrtiam
376 4903 423 4964 uel
443 4904 566 4984 rigorem
584 4904 770 4986 prestolare·
825 4898 995 4962 abscederet.
