3520 5462
682 303 884 390 abarces.
1305 325 1380 400 130

124 545 209 598 voce
241 521 389 614 edebat,
413 520 646 598 demerem
678 543 949 601 consentaneum
982 545 1073 622 erat3
1127 529 1297 630 quicquid
1323 557 1430 630 opere

126 645 295 739 exls‘buit,
314 644 532 746 profundam
553 645 735 722 redolebat
751 650 916 722 inertiam.
968 649 1062 742 Quid
1078 650 1213 724 multa?
1265 657 1345 727 Non
1371 657 1433 756 ri·¹

125 796 204 842 mm
223 768 392 868 aliquem,
409 767 476 843 sed
490 768 665 844 delirant's
690 771 840 844 sonante
867 769 1054 844 ridendum
1070 772 1201 848 diceres
1223 786 1429 852 monstrum.
1449 757 1455 776 ’

125 891 308 966 Interdum
333 891 415 966 soce
444 891 600 966 assidens
623 891 831 990 favillasque
852 893 1015 968 manibus
1039 919 1179 971 verrens
1209 896 1343 996 ligneos
1356 923 1431 972 un-

124 1037 187 1088 cos
207 1017 346 1086 creare¹
369 1011 588 1117 eosdemque
599 1016 672 1114 igni
689 1014 819 1088 durare
842 1015 965 1090 solitus
993 1035 1084 1110 erat3
1103 1035 1431 1116 qnonun,cxtrema

125 1137 305 1211 cnnnaffis
337 1135 553 1234 quibusdam
578 1135 713 1230 hama,
748 1161 822 1236 quo
857 1163 1013 1212 nexuum
1036 1143 1226 1216 tenaciores
1241 1144 1432 1236 macerem,

124 1258 347 1334 mlomrabat.
406 1261 576 1358 Rogatus,
592 1259 681 1358 quid
697 1277 823 1360 ageret,
849 1277 951 1334 acuta
968 1286 1006 1334 se
1021 1261 1196 1338 referebat
1212 1265 1248 1337 in
1263 1263 1432 1338 ultionem

124 1386 234 1482 patris
259 1379 396 1480 spicula
427 1405 638 1480 praeparare.
706 1387 778 1456 Nec
801 1409 913 1484 parvo
938 1407 1149 1482 responsum
1175 1383 1330 1468 ludibrio¹
1358 1387 1432 1480 luit,

125 1504 226 1605 qnod
257 1505 305 1579 ab
328 1503 496 1578 comibus
522 1502 658 1578 ridiculi
682 1509 799 1604 operis
822 1509 954 1582 vanitas
981 1523 1277 1602 contemneretur,
1308 1535 1431 1608 quan-

125 1651 238 1728 qcam
253 1647 369 1702 cerea
395 1627 579 1725 proposito
600 1631 679 1727 ejus
707 1629 937 1728 postmodum
976 1630 1144 1728 opitulata
1168 1630 1282 1706 fuera
1341 1636 1431 1726 Quae
1570 1729 1574 1734 Ι

126 1735 266 1824 soteres
283 1752 383 1849 apud
399 1751 529 1826 altioris
542 1753 668 1852 ingenii
685 1767 895 1850 spectatores
922 1755 1072 1851 primam
1096 1755 1127 1827 ei
1155 1751 1346 1830 calliditatis
1362 1778 1431 1828 su-

127 1875 321 1972 spicionem
343 1876 490 1975 injen‘t,
527 1879 608 1974 lpse
630 1883 786 1973 namque
809 1877 944 1975 erriguae
970 1881 1052 1950 artis
1069 1875 1238 1952 industria
1263 1903 1433 1952 arcannm

125 1999 261 2100 opfficis
275 2000 454 2100 ingenium
481 1997 666 2100 figor-abst
724 1999 796 2071 Nec
819 1997 914 2070 credi
933 2015 1069 2096 poterat
1095 2000 1213 2075 obtusi
1238 2000 1354 2076 cordis
1368 2027 1432 2075 es·

126 2127 200 2216 se²,
230 2123 294 2220 qui
326 2138 397 2194 tam
423 2121 561 2196 exculto
582 2145 711 2194 manus
734 2120 879 2194 artilirio
902 2119 1083 2196 calluissct
1153 2125 1316 2222 Denique
1342 2147 1432 2198 exa-

126 2244 276 2320 crisma
306 2267 392 2318 enra
417 2259 654 2344 praestatorum
681 2243 837 2341 stipitum
863 2244 1061 2342 congeriem
1086 2267 1266 2320 asservare
1288 2246 1432 2322 solebat

126 2371 345 2467 Fuereergo,
363 2369 428 2466 qai
440 2365 541 2440 illum
560 2354 741 2466 vegetioris
755 2367 883 2467 ingenii
901 2383 1102 2460 crementes,
1119 2368 1324 2465 sapientiam
1341 2371 1433 2444 sim·-

127 2465 285 2589 plio‘tatis
303 2505 474 2587 pretextu
500 2488 660 2562 ceorles
677 2487 970 2586 profundumque
989 2490 1095 2561 animi
1115 2489 1271 2564 studium
1293 2485 1433 2567 eallidi—

126 2592 422 2688 tatis'oommento
433 2611 625 2686 obscurare
642 2627 823 2711 putarent,
845 2635 912 2684 nec
933 2610 1050 2708 aptius
1073 2625 1191 2684 astum
1217 2610 1434 2711 deprehendi

126 2759 244 2834 posse,
261 2736 414 2833 quamsi
436 2731 488 2806 illi
500 2736 588 2808 inter
604 2733 754 2810 latebras
769 2759 921 2834 usquam
936 2729 1130 2808 excellentis
1148 2731 1272 2808 lounee
1289 2735 1434 2810 foemina

127 2857 376 2958 applicaretur,
402 2881 485 2954 qoae
509 2857 666 2930 animum
689 2859 768 2957 ejus
785 2857 832 2930 od
859 2858 988 2933 oruorb
1010 2854 1192 2932 illecebras
1215 2877 1433 2956 provocaret.

127 2979 461 3079 Natmrsn‘quidem
478 2993 551 3054 um
563 3001 724 3081 praeceps
750 2981 786 3052 in
803 2999 968 3052 venerem
989 3003 1065 3054 esse
1085 2979 1286 3079 ingerdam,
1299 2997 1342 3054 ut
1360 2997 1435 3054 arte

128 3102 339 3178 dissirnulari
353 3129 426 3178 non
441 3105 571 3203 possit;
586 3099 878 3175 rebonentiorem
901 3125 1050 3199 quoque
1065 3101 1164 3174 bunc
1185 3118 1322 3175 momm
1347 3103 1435 3198 fore,

128 3248 239 3325 quam
268 3241 309 3300 at
327 3244 404 3300 asar
425 3220 635 3324 interpellari
656 3239 780 3321 queat,
807 3221 970 3321 ideoque,
996 3223 1025 3328 si
1047 3227 1076 3296 is
1094 3225 1249 3296 inertiam
1276 3223 1432 3326 fingeret,

128 3349 301 3440 futurum,
315 3363 354 3421 ut
369 3343 730 3445 occasionesuscepta
761 3345 949 3444 voluptatis
964 3340 1054 3416 illico
1083 3345 1216 3419 viribus
1242 3347 1434 3448 obtempe-

127 3488 229 3546 raret.
291 3475 525 3545 Procurarrtur
538 3471 651 3572 igitur,
672 3471 734 3568 qui
753 3469 921 3570 juvenem
950 3468 985 3539 in
1010 3467 1223 3567 longinquas
1246 3495 1435 3545 nemorum

127 3611 246 3693 partes
268 3617 367 3694 ‘equo
383 3591 593 3692 perductum
608 3617 652 3665 eo
669 3591 865 3666 tentamenti
880 3614 1008 3692 genere
1023 3589 1303 3692 aggrederentur.
1369 3597 1434 3666 In·

126 3879 184 3950 471
217 3889 366 3970 Utriusque
382 3876 504 3948 demittis
528 3889 682 3969 vestigium
711 3887 754 3948 bd
813 3886 952 3972 ambages
983 3883 1091 3949 callide
1118 3886 1267 3969 quaesitas.
1321 3887 1365 3949 lta
1395 3889 1435 3948 ls-

128 3996 261 4080 eorport's
276 3995 335 4054 mei
343 4015 503 4064 masuram
512 3993 650 4075 figuravi.
692 3986 752 4056 Sed
812 3991 920 4055 landus
953 3991 1061 4077 aliquis
1102 4001 1216 4054 astutus
1251 3989 1348 4054 dictus
1376 3987 1436 4052 luit

127 4093 209 4181 apnd
232 4095 381 4185 ssllniorls
401 4097 458 4161 aerl
485 4099 650 4184 scriptores
676 4097 752 4160 nibil
814 4096 999 4164 lisola-Rei.

21 4220 25 4227 '
126 4201 284 4266 invenitur
307 4200 496 4290 frequentius
522 4217 554 4267 et
583 4205 755 4290 praeser·lim
860 4207 945 4268 ²Nec
973 4203 1056 4267 credi
1071 4219 1193 4290 poteret
1225 4201 1321 4262 obtusi
1340 4199 1437 4262 cordas

126 4307 210 4393 apud
224 4307 407 4374 ordericum
416 4309 558 4390 vitalem,
573 4311 755 4374 monachum
815 4307 888 4390 esse]
910 4311 979 4371 Hoe
996 4323 1051 4388 est,
1071 4313 1163 4372 animi
1178 4309 1320 4404 dabatitutr'.
1339 4303 1436 4368 Pbra·

127 4417 311 4480 Uticensem.
332 4412 383 4496 (S)
791 4415 855 4478 *sis
878 4426 923 4477 est
939 4415 1109 4480 Valeriana.
1158 4411 1209 4475 Sic
1235 4409 1315 4472 enim
1336 4409 1437 4480 Valer.

175 4523 305 4586 'vncos
330 4517 441 4602 creare]
472 4521 644 4590 Verborum
673 4525 754 4588 lusus
816 4525 893 4584 Max.
913 4519 981 4582 Lib.
1002 4523 1068 4597 Vll,
1088 4515 1119 4596 3,
1149 4513 1186 4596 9,
1213 4513 1265 4577 ubl
1285 4511 1323 4578 de
1338 4521 1437 4608 Bruto

126 4627 176 4691 bis
193 4629 278 4692 uncis
292 4614 390 4702 inesse
405 4625 542 4708 videtum
561 4651 630 4692 nam
651 4651 755 4710 uncus,
816 4627 894 4711 agit:
922 4624 1018 4690 obtusi
1034 4651 1064 4688 se
1085 4625 1181 4688 cordis
1201 4649 1261 4687 esse
1283 4623 1436 4688 sriarclaoit.

126 4734 161 4796 in
199 4733 300 4819 lingua
327 4735 474 4798 lalandica
501 4739 596 4799 Krokr
623 4733 752 4815 (Dacico
817 4729 866 4814 (S)

126 4835 399 4927 llrog),signisrcat
417 4861 538 4929 quoqne
556 4841 677 4906 insidias
692 4842 754 4904 sire
894 4854 902 4868 ⁴
