3506 5458
718 317 917 392 uacuos.
1200 278 1202 286 '
1336 313 1409 393 aas

286 535 418 606 interea
442 532 572 618 Sreoo,
595 535 731 602 tametsi
754 475 836 602 rara
860 527 1042 604 fautorum
1067 551 1139 626 ope
1160 517 1353 618 subnixus,
1375 525 1460 605 balli
1578 543 1581 548 '

154 679 239 730 cum
253 657 387 752 Magno
404 651 584 728 fortunam
599 653 749 748 experiri
771 648 938 740 decrerit,
959 675 1118 750 numque
1133 652 1257 750 paucis
1272 655 1462 727 ettonem..
1586 651 1589 668 '

154 777 283 872 positis
294 774 468 850 adversus
482 771 744 848 multitudinem
760 797 906 848 manum
914 782 1101 848 conserere
1114 787 1298 850 cunctatus
1312 786 1387 848 bon
1401 791 1463 850 est

156 899 269 996 Igitur
291 902 328 970 in
349 901 444 974 tuna
472 899 574 996 prius
590 899 786 987 maritima,
811 893 940 969 deinde
961 898 1120 995 equestri
1153 921 1277 995 pogna
1314 897 1463 972 sinistris

155 1045 368 1119 congressus
389 1019 575 1119 auspiciis,
599 1035 754 1116 utraque
774 1023 886 1092 victus
909 1023 1082 1094 concessit
1115 1022 1151 1090 in
1173 1019 1368 1113 Fioniam¹;
1395 1045 1463 1096 nec

155 1149 263 1217 armis
277 1145 396 1240 major
409 1165 521 1240 quam
547 1143 690 1240 agmine
706 1141 781 1214 suit.
840 1143 1006 1240 Cumque
1019 1165 1059 1214 se
1075 1141 1172 1216 omni
1185 1139 1316 1215 nordio
1332 1139 1461 1216 deser-

154 1284 231 1340 tum
246 1291 314 1338 nee
340 1261 499 1338 bostium
513 1262 739 1355 natumsed
756 1268 860 1336 etiam
877 1289 1028 1338 suorum
1045 1279 1252 1361 contemptu
1274 1264 1463 1361 perfusum

155 1387 302 1481 rideret,
325 1384 540 1460 Sialandiam
555 1387 793 1484 Senniamqoe
806 1401 1093 1484 praetergressus,
1119 1387 1271 1460 Svetiam
1288 1403 1459 1464 materno

156 1509 422 1592 necessitudinis
441 1507 576 1582 fiducia
590 1507 914 1607 peterecogitabat.
957 1511 1073 1603 Quem
1090 1511 1223 1610 Magno
1239 1526 1334 1584 terra
1349 1512 1463 1586 mari·-

156 1661 229 1736 que
245 1633 463 1734 pertinacius
476 1634 694 1730 insequente,
712 1635 748 1703 in
771 1632 902 1704 Jutiam
919 1655 958 1704 se
983 1649 1131 1730 repente
1146 1631 1324 1708 sarusar
1340 1631 1465 1712 effodit

155 1761 338 1832 exercitus.
392 1757 555 1846 Quorum
583 1755 733 1852 irruptio
756 1752 910 1828 dubium
933 1754 1054 1828 victori
1080 1753 1214 1848 effecit,
1250 1755 1465 1856 fugacemae

158 1879 299 1954 bostem
316 1875 463 1976 pellere,
472 1901 518 1949 an
531 1877 771 1952 imminentem
786 1881 950 1975 excipere
960 1875 1150 1954 debuisset.
1204 1879 1359 1973 Quidam
1368 1888 1465 1961 enisa

157 2008 272 2104 gentis
292 2000 387 2074 illins
410 1999 669 2090 nobilissimus,
692 1998 886 2074 duodecim
901 1997 993 2093 filiis,
1016 2003 1198 2076 maritimis
1220 2003 1465 2101 praedonibus,

156 2123 259 2224 apud
274 2125 426 2224 Daniam
447 2121 658 2220 spoliatus²,
684 2125 850 2196 Jutornm
874 2121 964 2198 fines
986 2122 1084 2200 ferro
1111 2125 1299 2204 orbitatem
1320 2126 1464 2208 ulturus

157 2248 295 2322 invasit.
368 2244 615 2338 Quamobrem
653 2247 817 2344 Magum,
841 2247 1199 2344 perseverantissimis
1231 2251 1464 2350 popularium

157 2369 328 2470 precibus
352 2363 591 2442 committendi
618 2365 731 2464 praelii
759 2384 921 2442 autorem
944 2393 1051 2467 agere
1079 2368 1299 2467 postulatus,
1333 2378 1466 2452 omisso

158 2493 339 2585 aemulo,a
360 2489 557 2564 domestico
579 2485 680 2562 hoste
700 2490 735 2561 in
760 2507 940 2564 extentum
966 2515 1065 2564 arma
1085 2496 1268 2590 convertit,
1288 2512 1336 2590 et,
1359 2505 1463 2598 quasi

157 2622 308 2718 wentae
328 2612 517 2688 affectionis
542 2608 686 2702 oblitus,
711 2611 897 2710 publicam
918 2611 1044 2705 induit,
1058 2640 1104 2690 ne
1120 2639 1205 2690 suas
1227 2643 1340 2716 quam
1363 2629 1463 2721 regni

158 2729 278 2841 partes
300 2735 473 2812 curiosius
496 2736 610 2834 egisse
632 2734 821 2810 rideretur.
879 2740 952 2810 Nec
975 2735 1147 2810 dubitavit
1167 2737 1355 2840 alienigeni
1375 2767 1465 2818 aaa*

158 2865 273 2965 grinis
287 2859 373 2953 dux,
389 2883 530 2934 summa
546 2856 668 2930 adhuc
683 2857 888 2952 fluctuante,
903 2862 940 2932 in
955 2884 994 2935 ae
1010 2861 1130 2960 ipsum
1148 2860 1269 2938 dubim
1283 2873 1465 2964 potestatis

159 2984 349 3060 transferre
362 2979 573 3080 periculum.
630 2985 742 3056 Nocte
762 3007 860 3073 vero,
876 3009 988 3082 quam
1004 2982 1091 3056 belli
1107 2981 1183 3058 dies
1200 2985 1380 3064 insecutus
1402 3007 1466 3083 est,

85 3124 89 3132 “
160 3111 319 3208 quietem
342 3107 422 3203 ejus
452 3120 559 3178 certas
582 3103 822 3203 praedictionis
850 3107 988 3204 species
1021 3103 1259 3181 adumbravit
1321 3113 1466 3211 Quippe

160 3255 327 3305 somnum
344 3229 496 3326 capienti
511 3227 631 3342 imago
645 3228 833 3326 cujusdam
848 3227 1037 3302 obversata
1054 3228 1233 3326 praedixit,
1258 3225 1362 3306 hoste
1381 3257 1465 3308 eom

51 3403 58 3418 ι
162 3359 385 3454 superiorem
402 3351 571 3441 iuturum,
587 3352 695 3450 inque
712 3349 841 3452 aquilae
863 3377 949 3424 nece
971 3355 1125 3426 victoriae
1149 3349 1259 3427 fidem
1282 3358 1466 3456 auspicia·

161 3635 246 3686 satur
266 3620 426 3684 Haraidus.
488 3617 647 3684 Eduardus
677 3618 787 3683 morbo
893 3623 1154 3706 ²Duodeeimfiisi‘s
1167 3623 1465 3709 spolriatuslbdamns

163 3728 296 3792 breviori
322 3737 481 3808 correptus
511 3723 589 3788 obiit
614 3723 636 3786 5
665 3729 786 3789 Janttnr.
844 3729 1016 3790 Brementis
1037 3726 1103 3792 iere
1126 3727 1233 3793 eadem
1263 3744 1366 3794 narrat
1386 3732 1466 3798 Hirr.

164 3830 254 3898 1066-
719 3843 720 3848 ’
845 3835 950 3896 eccles.
965 3834 1017 3896 iib.
1029 3837 1054 3898 11
1069 3853 1136 3920 cap.
1166 3831 1225 3898 58:
1250 3840 1386 3910 Rattbor,
1407 3841 1468 3900 dua

209 3943 363 4022 'Utroque
376 3945 471 4002 oratus
482 3947 620 4002 concutit
642 3945 671 4002 itt
689 3944 785 4002 itaut.
845 3943 1019 4015 Siannrnm,
1041 3943 1211 4028 interfectus
1240 3959 1285 4005 est
1312 3969 1332 4006 a
1363 3947 1466 4006 Deraia

163 4044 227 4128 am]
234 4048 314 4108 Satis
326 4065 431 4108 maaca
439 4058 472 4108 et
481 4043 607 4108 consuta
623 4058 704 4124 aunt,
718 4067 787 4130 qnae
844 4051 968 4110 Ratt'bm
981 4045 1316 4122 'tsrectrtsmuuserau
1330 4054 1468 4134 or'rmag·

163 4159 274 4218 Noster
288 4149 383 4216 affert
402 4149 439 4214 tle
455 4149 537 4214 bello
552 4147 631 4213 inter
644 4154 787 4234 Magnum
844 4175 888 4214 rtoe
901 4160 976 4216 rirter
990 4154 1128 4224 barbaros
1141 4158 1305 4240 potestatis.
1353 4157 1468 4218 Habuit

163 4275 194 4326 ct
206 4263 376 4326 Stenonem
393 4269 490 4342 gesto,
502 4258 588 4340 cnjus
600 4255 724 4320 brevem
736 4257 788 4322 de-
843 4264 917 4322 eaim
932 4276 997 4321 octo
1008 4260 1101 4338 filias,
1120 4263 1289 4324 Seianorum
1297 4265 1469 4348 principes,⁸

165 4367 369 4444 licentiorem,
374 4377 531 4451 praeeunte
539 4365 695 4428 somnone
701 4365 788 4427 Stur-
844 4370 896 4448 qui
903 4389 999 4428 omnes
1012 4370 1174 4430 occisr'suat
1186 4392 1205 4430 a
1217 4371 1326 4440 Dacis,
1334 4368 1402 4430 dnm
1407 4392 1467 4455 pe·

165 4476 241 4550 imo,
271 4471 408 4534 dabimus
428 4471 461 4532 in
484 4471 565 4534 notis
588 4469 788 4534 uberioribus.
842 4488 915 4532 trem
940 4472 1041 4534 oiebai
1069 4477 1249 4560 quesierunt,
1303 4475 1357 4535 Ad
1385 4475 1469 4556 cajeta

165 4579 226 4644 ttie
239 4575 391 4642 montrisae
403 4574 550 4656 suflicim,
563 4580 706 4660 Magnam
719 4595 787 4640 cum
844 4594 962 4639 mortem
990 4579 1200 4652 massadam,
1219 4582 1287 4663 Jirm
1306 4597 1376 4644 tuae
1403 4603 1469 4644 eum

164 4687 306 4750 Stenons
319 4683 548 4769 haudquaquam
558 4682 726 4748 decertum
738 4705 791 4746 an·
846 4699 909 4744 tcto
932 4688 1061 4746 eaerrr'tu
1080 4687 1204 4751 Wtiaaii
1220 4693 1366 4752 uniames
1380 4711 1468 4772 usque

165 4805 198 4856 te
218 4789 376 4854 victoriam
397 4787 436 4852 da
451 4788 566 4854 sciaris
590 4799 791 4874 reportatam,
845 4791 1004 4876 adliipam
1018 4794 1163 4857 autcario
1177 4798 1333 4880 progressi
1348 4772 1425 4860 matt.

164 4896 274 4980 saepius
291 4913 363 4958 tero
379 4894 498 4958 deinde.
