3520 5462
686 315 852 387 nocvo.
1262 400 1264 405 .
1311 319 1384 424 tos

128 522 205 596 lum
218 531 319 622 petit,
340 522 437 600 bunc
451 549 588 600 morem
606 523 760 600 liolvoni
773 527 811 598 in
823 521 1041 625 porrigendo
1058 523 1228 602 militibus
1242 549 1326 604 ense
1340 532 1433 606 exti-

129 651 212 724 tisse
228 647 409 746 praefatus
470 645 562 722 Olim
583 673 739 746 namque
759 673 800 722 se
823 671 950 745 regum
976 645 1148 722 clientelae
1180 649 1297 724 daturi
1340 665 1435 726 tacto

129 764 240 866 gladii
253 765 387 867 capulo
411 768 631 868 obsequium
649 770 811 870 polliceri
824 767 1021 844 solebant¹.
1081 773 1164 864 Quo
1189 789 1298 870 pacto
1317 774 1435 874 Viggo

129 887 301 988 capulum
317 887 536 989 complexus,
551 892 736 992 cuspidem
753 917 820 992 per
829 893 1059 989 Hjartvarum
1068 894 1151 992 agit,
1170 893 1311 970 ultionis
1328 920 1436 970 com-

129 1037 218 1110 pos,
249 1013 356 1112 cujus
378 1012 534 1086 liolvoni
560 1015 793 1088 ministerium
825 1012 1004 1112 pollicitus
1032 1013 1157 1087 suerat
1230 1019 1311 1110 Quo
1339 1015 1436 1092 sacto

128 1157 243 1208 ovans
258 1134 476 1208 irruentibus
492 1141 581 1209 inse
599 1138 777 1234 HJartvari
796 1135 967 1208 militibus
983 1135 1148 1234 cupidius
1164 1163 1298 1240 corpus
1320 1139 1436 1214 obtu-

129 1253 181 1344 lit,
205 1252 288 1354 plns
305 1254 498 1356 voluptatis
515 1283 612 1332 sees
627 1263 764 1356 tyranni
779 1284 880 1347 nece,
900 1283 1010 1358 quam
1027 1260 1270 1336 amaritudinis
1284 1289 1327 1336 ex
1341 1287 1434 1360 pro-

128 1383 208 1476 pria
224 1381 354 1452 sentire
371 1379 580 1456 vociferans.
638 1385 690 1454 Ita
712 1385 876 1456 convivio
893 1385 929 1452 in
945 1385 1112 1479 exequias
1127 1407 1253 1474 verso,
1278 1386 1437 1458 victoriae

128 1501 303 1602 gaudium
320 1503 452 1577 funeris
468 1500 586 1576 luctus
605 1505 813 1604 insequitur.
875 1499 1021 1574 Clarum
1036 1529 1078 1576 ac
1095 1527 1239 1602 semper
1251 1531 1437 1584 memora-

128 1625 242 1698 bilem
258 1627 386 1717 virum,
410 1631 471 1724 qui
490 1641 574 1700 voto
591 1625 728 1702 fortiter
746 1623 907 1724 expleto,
941 1641 1094 1700 mortem
1119 1643 1248 1724 sponte
1270 1625 1437 1726 comple·

131 1751 199 1820 xus
217 1773 285 1822 suo
300 1749 514 1822 ministerio²
534 1773 672 1822 mensas
692 1749 833 1845 tyranni
855 1753 1027 1846 sanguine
1051 1745 1251 1822 maculavit.
1312 1754 1439 1850 Neque

129 1870 228 1940 enim
245 1867 482 1944 occidentium
501 1895 628 1944 manus
642 1872 746 1944 vivax
762 1875 866 1942 animi
884 1875 995 1944 virtus
1019 1872 1172 1968 expavit,
1195 1896 1278 1946 cum
1295 1877 1396 1972 prius
1417 1897 1440 1946 a

129 2015 172 2064 se
188 1988 279 2080 loca,
295 1989 429 2088 quibus
442 1990 561 2064 Rolvo
578 2005 793 2082 assueverat,
801 1991 1035 2065 interfectoris
1051 1994 1130 2090 ejus
1146 2017 1276 2068 cruore
1290 2019 1440 2096 resper-

131 2138 175 2186 sa
193 2129 436 2210 cognosceret.
492 2110 631 2187 Eadem
656 2115 783 2212 itaque
799 2113 874 2186 dies
895 2117 1073 2212 HJartvari
1093 2139 1245 2215 regnum
1261 2115 1375 2192 finivit
1396 2142 1440 2195 ac

129 2239 283 2334 peperit
333 2231 593 2308 Fraudulenter
616 2237 711 2308 enim
734 2241 892 2334 quaesitae
913 2257 972 2308 res
996 2233 1122 2308 eadem
1145 2255 1241 2312 sorte
1259 2237 1442 2330 delioim

130 2381 207 2455 qua
222 2357 428 2456 petuntur³,
454 2354 647 2455 nullusque
662 2353 872 2432 diuturnus*
898 2357 1121 2448 estfructus,
1153 2363 1214 2456 qui
1240 2358 1373 2442 scelere
1397 2385 1441 2441 ac

129 2477 285 2578 perfidia
306 2495 431 2578 partus
453 2476 570 2552 suerit.
619 2481 700 2571 Quo
723 2482 858 2568 evenit,
892 2496 932 2555 ut
947 2480 1103 2558 Senones
1110 2481 1241 2580 ,paulo
1259 2499 1341 2556 ante
1359 2485 1441 2556 Da·-

129 2606 203 2673 niae
217 2604 402 2700 petitores,
428 2625 472 2672 ne
496 2623 572 2674 suae
590 2599 736 2699 quidem
753 2599 875 2674 salutis
895 2608 1070 2700 potientes
1091 2586 1288 2680 existerent.
1345 2609 1440 2678 Pro-

133 2729 232 2802 tinus
248 2723 343 2796 enim
365 2747 387 2796 a
408 2720 696 2797 sialandensibus
722 2719 846 2796 deleti⁵
874 2723 967 2800 laesis
989 2724 1162 2802 Rolvonis
1188 2725 1356 2801 manibus
1374 2728 1440 2826 ju-

131 2845 394 2924 staexsolvere
410 2842 563 2944 piacula.
615 2844 714 2920 Adeo
733 2841 948 2946 plerumque
964 2846 1116 2922 fortunae
1138 2849 1272 2924 saevitia
1292 2846 1441 2924 ulcisci·

131 2985 205 3062 tur,
223 2966 325 3066 quod
343 2964 428 3040 dolo
445 2991 487 3042 ac
506 2964 645 3042 fallacia
660 2982 831 3066 patratur.

181 3179 283 3244 ¹Olr'm
304 3223 327 3240 ..
343 3195 423 3242 tacto
439 3179 538 3262 gladii
559 3182 663 3268 copulo
684 3169 763 3245 obse·
862 3177 1071 3263 ⁴Dtittumns]
1095 3175 1201 3244 Editio
1225 3181 1368 3266 princeps
1390 3177 1443 3242 bs·

128 3291 232 3373 quium
242 3289 380 3373 polliceri
393 3283 536 3366 solebant]
555 3289 602 3349 De
619 3284 674 3350 illo
694 3307 760 3350 ruo·
819 3283 873 3348 bet
880 3288 1059 3361 diuturnius,
1072 3285 1155 3372 quod
1168 3285 1250 3351 baud
1260 3285 1444 3350 dubieerro-

129 3413 166 3456 re
181 3389 254 3454 ride
269 3401 334 3454 not.
354 3388 438 3454 uber.
820 3390 847 3454 ri
862 3391 1047 3477 typographi
1061 3392 1237 3458 debebatur.

179 3493 384 3576 wentana]
406 3501 450 3560 tta
472 3495 654 3582 stephanius
676 3509 760 3560 recte
884 3521 886 3526 ·

128 3603 200 3668 sine
217 3601 313 3666 dubio
329 3600 492 3686 legendum
507 3621 571 3666 esse
586 3615 688 3668 tensa
703 3621 762 3687 pro
866 3605 912 3668 ‘A
922 3601 1160 3666 Stolonderut'bus
1175 3595 1361 3682 delettlbs'ilt
1372 3619 1446 3686 prs·

130 3711 284 3772 maturos
299 3708 333 3770 in
345 3705 637 3793 editione'priueipe.
819 3705 921 3770 babile
930 3705 1210 3788 est‚8ialandenres‚
1221 3705 1377 3772 amunte
1387 3726 1446 3770 cn·

181 3815 416 3881 ’Frauduleneer
442 3820 566 3896 qucesitoe
595 3838 641 3878 res
664 3814 761 3876 endem
820 3811 857 3876 du
874 3809 1016 3877 Letbrica
1033 3821 1170 3896 eccepto,
1191 3811 1224 3876 in
1239 3834 1323 3878 ttt'mtt
1340 3811 1446 3890 rause

132 3917 688 4007 sbrtcdefluunt,quupetuntur]Vesie
699 3923 761 3982 Da·
819 3929 909 4004 atqve
921 3917 1024 3982 hostes
1043 3937 1115 4007 rege
1130 3917 1255 3984 orbatos
1268 3939 1341 3982 mox
1355 3937 1446 4002 expu-

131 4045 248 4088 norum
259 4021 507 4109 blandorumque
521 4023 626 4110 adagio
637 4021 762 4089 candent
818 4022 897 4086 iisse.
951 4027 1059 4108 Longe
1080 4023 1139 4088 alia
1161 4009 1267 4090 narrst
1295 4035 1384 4086 autor
1405 4024 1446 4084 Is·

132 4127 310 4215 exprimunt
328 4130 509 4194 sententiam
523 4152 550 4193 r.
565 4151 591 4193 c.
605 4133 658 4196 elia
669 4131 759 4216 gesna
819 4125 926 4195 laudm
939 4126 1076 4192 historiae
1095 4127 1254 4209 Rolvonis,
1273 4127 1328 4192 sed
1342 4125 1386 4190 ita
1400 4123 1446 4188 ta

134 4237 172 4298 cll
195 4237 253 4298 m'd
280 4233 378 4314 (Nials
406 4239 486 4321 Saga
504 4255 570 4322 cap.
592 4233 633 4300 45
655 4257 685 4320 p.
709 4232 760 4314 71,
819 4232 897 4296 buis
911 4232 1083 4313 commixta,
1100 4247 1135 4300 ut
1149 4237 1265 4298 nullam
1280 4231 1372 4296 tidem
1382 4250 1446 4297 me·

132 4343 220 4406 nica
239 4345 342 4428 uaga.
365 4341 476 4428 Nudip.
505 4334 570 4426 cap.
596 4337 626 4421 6,
653 4344 759 4406 Suorr.
820 4351 954 4406 reantur.
995 4339 1232 4406 Observationes
1243 4338 1399 4425 generales
1413 4335 1447 4400 in

130 4449 218 4514 Hiat.
242 4469 308 4533 reg.
324 4451 420 4514 Nora.
447 4447 478 4528 3,
496 4472 528 4534 p.
553 4443 644 4528 196);
670 4445 761 4511 suaa
821 4443 979 4510 historiam
996 4443 1144 4509 Rolrouis
1163 4444 1221 4510 rid.
1233 4445 1266 4510 iu
1282 4455 1346 4508 not.
1358 4439 1409 4506 ub.

131 4557 234 4620 elsam
248 4555 297 4618 sin
310 4541 501 4640 egen'Herrc
518 4577 577 4640 paa
597 4554 680 4618 Hals.

618 4705 711 4774 Finis
737 4701 818 4774 libri
835 4696 992 4774 secundi.

580 4920 597 4926 ..
623 4921 635 4926 ,
655 4907 970 4932 ...n-*n—
