3442 5456
361 571 366 587 .
740 585 751 624 ‚
1381 573 1406 592 ..

104 677 177 728 meo
198 655 340 754 majore
360 651 486 730 salutis
511 653 697 754 impendio
717 652 961 729 mbeuudum.
1034 657 1178 755 Quippe
1206 653 1407 730 Hislmerus

102 791 202 875 atque
207 775 448 866 Arraroddus,
462 800 621 876 quorum
629 775 855 877 iampridem,
862 777 1022 876 abrupto
1038 776 1296 878 gubernaculo,
1309 793 1407 852 tem-

103 913 214 996 pestas
227 900 367 998 nangis
383 897 611 992 laceraverat,
626 901 772 974 abarim
785 896 970 974 excidendi
986 903 1096 1000 gratia
1120 925 1248 976 nemus
1262 907 1409 1000 ingres-

102 1025 140 1112 si,
162 1019 246 1120 ligni
262 1019 390 1096 rudem
406 1039 644 1097 extenuaverat
665 1025 871 1114 masmim*
884 1045 1050 1122 eousque
1066 1040 1232 1096 maneum
1247 1023 1409 1100 dolabris

101 1143 297 1236 ambientes,
317 1143 433 1217 donec
453 1143 588 1219 navalis
607 1150 823 1220 instrumenti
839 1147 993 1220 sormam
1008 1161 1148 1220 vastum
1167 1145 1282 1218 robur
1294 1143 1408 1218 indua·

102 1283 175 1342 eret.
238 1265 348 1360 Quod
362 1291 478 1366 quum
497 1251 655 1343 humeris
679 1269 886 1368 impositum
901 1269 1007 1342 sociae
1025 1265 1137 1342 cladis
1152 1269 1265 1366 Queri
1280 1267 1406 1342 deier-
1499 1281 1503 1288 '

99 1405 179 1480 taut,
194 1388 245 1462 ab
262 1387 383 1462 Osurae
396 1387 488 1480 filiis,
502 1392 632 1463 recenti
655 1414 913 1490 oppressorum
935 1413 1064 1464 muare
1078 1372 1319 1481 madentibus,
1346 1389 1406 1462 lu·-
1542 1375 1545 1384 ’

101 1513 222 1605 Μήτ’,
255 1510 330 1585 duo
347 1535 432 1586 oum
449 1509 618 1610 pluribus
640 1513 737 1588 ferro
750 1513 943 1587 decernere
966 1515 1079 1587 coacti
1096 1532 1190 1590 sunt.
1253 1516 1409 1611 Neepar
1546 1529 1553 1543 ‘

102 1631 243 1730 quidem
259 1645 471 1734 congressus
486 1633 639 1724 extabat,
657 1661 740 1709 cum
751 1643 929 1736 geminam
945 1636 1002 1712 bis
1018 1663 1103 1714 sena
1120 1659 1247 1714 manns
1258 1636 1407 1734 excipe·

103 1771 159 1828 ret
221 1757 401 1848 Caeterum
417 1757 562 1832 victoria
587 1783 738 1832 numero
762 1785 836 1834 non
858 1759 1052 1857 respondit.
1104 1757 1298 1834 Interfectis
1314 1761 1408 1830 euim

101 1878 262 1952 omnibus
287 1878 895 1980 oturaefilas1,oppressoqueub
922 1881 1047 1956 iisdem
1072 1881 1268 1972 Hialmcm,
1290 1881 1405 1956 uicto-
1498 1881 1500 1886 ’

102 2005 157 2072 tiae
173 2002 429 2091 Ammoddum
449 1987 572 2080 titulus
587 2027 660 2084 aon
672 2001 806 2095 fefellit,
829 2029 939 2105 quem
964 2004 1083 2080 solum
1101 2029 1144 2078 ex
1169 2018 1265 2076 tanto
1282 2003 1408 2076 socio-

101 2147 176 2196 rum
201 2124 344 2224 agmine
364 2125 508 2200 fortuna
531 2125 717 2200 residuum
731 2126 825 2202 fecit.
885 2131 956 2222 Qui
977 2127 1165 2200 informem
1187 2123 1308 2198 adbuc
1332 2149 1409 2224 gu·-

100 2241 282 2318 bemaculi
295 2263 459 2322 truncum
478 2249 676 2324 incredibili
689 2249 858 2324 libratum
872 2253 952 2324 nisu
972 2267 1069 2323 tanta
1087 2251 1122 2324 vi
1136 2247 1293 2324 hostium
1315 2245 1408 2320 ade-

100 2373 145 2467 git
158 2367 384 2468 oorporibus,
407 2385 447 2444 ut
464 2369 655 2478 duodecim
668 2375 778 2446 unico
795 2374 876 2470 ejus
891 2371 1049 2470 impulsu
1072 2389 1240 2446 contusos
1254 2368 1409 2444 estnec

100 2495 154 2580 Ita,
168 2505 298 2566 cuncta
312 2489 510 2568 admodum
523 2493 736 2588 bellicarum
752 2519 872 2568 rerum
888 2509 1095 2594 tempestate
1111 2492 1272 2596 depulsa,
1287 2497 1408 2566 ousa-

99 2639 179 2688 uum
208 2637 338 2688 manus
352 2613 474 2690 adhuc
498 2619 646 2715 piratica
662 2641 735 2689 non
749 2616 902 2716 reliquit.

226 2740 317 2831 Quae
337 2761 395 2812 rea
421 2742 573 2814 maxime
596 2737 816 2814 Frothonem
841 2735 1136 2830 adOccidentem
1158 2739 1266 2814 armis
1287 2739 1409 2815 iacea-

98 2859 245 2934 sendum
272 2855 457 2954 adduxit²,
492 2864 597 2960 cujus
628 2865 773 2935 unicum
798 2863 834 2934 iu
865 2859 1102 2961 propaganda
1127 2885 1220 2959 pace
1249 2859 1408 2936 stadium

100 2981 316 3058 versabatur.
384 2987 565 3058 Accersito
587 3011 673 3084 ergo
693 2989 816 3073 Erico,
840 3000 1040 3082 caudaque
1061 2983 1311 3063 famulantium
1339 2981 1408 3058 sibi

53 3115 55 3120 ’
98 3128 286 3206 regnorum
302 3103 414 3178 classe
436 3109 589 3198 concita,
620 3110 834 3180 Britanniam
859 3108 1046 3178 innumera
1071 3104 1262 3180 advehitur
1283 3109 1410 3206 puppi.

17 3279 18 3282 ,
97 3229 208 3327 Cujus
221 3225 347 3300 insulae
362 3253 433 3320 rex,
447 3255 558 3302 manu
574 3253 613 3304 se
628 3232 791 3329 inparem
805 3251 967 3323 noscens,
991 3227 1143 3328 (quippe
1151 3227 1281 3304 fretum
1303 3233 1411 3318 navi:-

98 3357 161 3451 giis
174 3349 368 3426 ridebatur
386 3349 552 3446 occludi)
567 3350 748 3426 Frothone
769 3375 835 3450 per
856 3348 1042 3424 deditionis
1060 3349 1322 3426 simulationem
1335 3377 1411 3452 pe-

97 3476 172 3566 tito,
202 3499 278 3549 aon
303 3471 423 3548 solum
449 3473 727 3574 magnitudinem
748 3476 828 3572 ejus
856 3471 1071 3548 adulationis
1089 3472 1212 3554 ,udicio
1237 3479 1408 3573 prosequi

98 3599 233 3696 caepit,
249 3594 314 3670 sed
344 3601 454 3670 mam,
483 3593 722 3672 domitoribus
753 3597 911 3696 gentium
941 3595 1053 3668 Danis
1084 3618 1186 3668 sustu
1212 3599 1411 3696 patriaeque

94 3719 359 3818 subjectionem
372 3725 562 3817 promittit3
585 3725 787 3820 pensiones,
812 3741 970 3810 censum,
987 3716 1185 3818 vectigalia,
1208 3721 1285 3792 sire
1300 3722 1409 3816 quic·-

96 3841 184 3940 quid
207 3857 434 3939 expeterent,
457 3843 641 3917 offerebat.
707 3841 765 3916 ad
789 3839 954 3915 ultimum
978 3839 1200 3938 hospitaliter
1212 3837 1410 3914 invitandos

95 3979 206 4036 curat.
263 3966 373 4036 Grata
394 3965 565 4040 Prothoni
589 3967 746 4039 Britanni
765 3963 968 4038 humanitas
989 3963 1073 4054 fuit,
1102 3987 1309 4062 quanquam
1334 3961 1408 4036 doli

94 4091 334 4186 suspicionem
353 4085 463 4162 aleret
484 4105 556 4162 tam
578 4087 690 4163 facilis
713 4092 874 4162 omnium
895 4085 1036 4185 absque
1050 4089 1232 4161 coactione
1247 4091 1410 4184 promia-

94 4211 167 4301 sio,
199 4226 272 4282 tam
294 4229 464 4310 prompta
487 4209 643 4286 hostium
658 4227 739 4284 unte
762 4209 859 4282 bella
883 4207 1025 4295 deditio,
1047 4233 1129 4306 quoe
1162 4228 1245 4280 raro
1275 4213 1410 4280 sincera

93 4329 166 4406 fide
185 4329 420 4408 administrari
438 4333 538 4408 solet.
589 4331 806 4410 Lacessebat
825 4355 973 4430 quoque
990 4330 1143 4402 convivii
1162 4347 1290 4420 metus,
1310 4333 1408 4406 veri-

139 4581 339 4666 'Iatetsectr'a
362 4585 436 4644 enim
454 4581 586 4644 omuibus
615 4579 722 4666 Osum
829 4577 930 4662 ²Qaoe
960 4599 1005 4638 res
1030 4578 1154 4639 maxime
1172 4575 1347 4638 Frudoaeem
1368 4575 1412 4640 ad

84 4681 179 4767 filai's]
196 4688 335 4754 Vetusto
350 4687 392 4750 de
402 4685 471 4750 filiis
485 4685 642 4771 Arupimi
659 4699 721 4750 tra·
782 4683 968 4747 Oeu'dmtem
986 4685 1076 4746 mmai
1096 4684 1294 4749 mumadam
1308 4683 1411 4746 adda·

92 4787 226 4855 ditiones
250 4790 425 4858 afferuntur
449 4805 486 4857 et
514 4791 719 4882 dijudicantur
777 4785 837 4871 ait]
851 4791 899 4853 De
922 4787 1016 4854 haeae
1038 4809 1132 4854 osma
1153 4787 1356 4875 expeditionis
1376 4787 1409 4852 iu

92 4895 124 4958 iu
144 4899 227 4962 notis
242 4897 443 4965 ulterioribus.
549 4947 552 4954 ,
681 4925 684 4934 ·
779 4894 979 4962 Occidentem
992 4909 1143 4983 suceptae
1161 4897 1220 4961 vid.
1237 4907 1302 4961 aot.
1323 4893 1408 4958 uber.
