3506 5458
360 317 436 396 538
710 319 886 392 tltsrolt.
902 321 1008 394 DAN.
1022 321 1159 394 Lllfflli
1176 325 1219 394 Χ.

308 529 384 604 licis
407 526 478 602 late
493 528 603 605 titulis
619 529 849 620 inclaruisset,
872 529 1070 629 placidiore
1091 533 1211 610 studio
1229 553 1335 623 usus,
1369 559 1412 606 ex
1434 532 1527 606 fisco
1550 559 1617 608 sno
1744 571 1745 636 p

220 739 224 758 .
307 651 557 750 compluribus
585 655 622 724 in
644 651 732 727 locis
762 655 982 752 privatorum
1022 655 1232 731 clericorum
1258 661 1420 731 convictu
1451 660 1617 746 instituto,
1744 687 1745 746 4

307 775 520 850 cellularum
544 774 779 873 frequentiam
802 780 905 851 novis
927 779 1181 852 conventiculis
1207 782 1322 868 aurit,
1356 803 1618 878 sacrorumque
1744 875 1745 880 Ἰ

306 905 588 989 venerationem,-
627 921 738 996 qnam
776 901 977 984 maximam,
995 925 1139 1000 semper
1168 900 1398 991 exhibuerat,
1436 906 1615 1000 mgiamm

305 1047 419 1122 opum
441 1018 623 1120 impendio
648 1020 828 1119 stipendiis
850 1021 1105 1120 multiplicarit.
1191 1023 1442 1098 Monacbalem
1463 1049 1615 1124 quoqne

305 1143 469 1219 ordinem
483 1142 689 1216 uberiorem
706 1143 860 1244 reliquit,
878 1171 923 1219 ne
939 1145 1081 1220 ierocioe
1098 1152 1251 1246 propior
1268 1171 1377 1245 quam
1394 1149 1534 1245 pietatis
1550 1146 1615 1218 oi-

232 1249 235 1259 ’
303 1269 393 1344 ficiis
421 1265 619 1356 videretur,
644 1291 784 1364 tequam
813 1267 879 1340 sibi
899 1273 1085 1367 utriusque
1108 1267 1253 1341 laudem
1274 1268 1429 1366 adjicere
1454 1271 1614 1368 cupiens

304 1394 418 1490 Cujus
435 1389 537 1465 studii
554 1389 726 1462 industria
742 1387 789 1460 ad
805 1405 938 1462 tantum
956 1389 1121 1464 claritatis
1142 1391 1264 1464 lumen
1281 1398 1439 1483 accessit,
1464 1408 1515 1484 ut,
1529 1417 1614 1464 cum

302 1515 578 1588 fortissimorum
604 1537 731 1610 regum
757 1511 885 1586 bellica
911 1515 1024 1586 virtus
1056 1516 1261 1612 antiquitate
1287 1514 1497 1603 exoleverit,
1532 1517 1614 1611 ejus
1744 1525 1745 1530 ’

303 1637 437 1710 famam
454 1633 577 1736 gloriae
595 1651 734 1733 quaestu
752 1635 1054 1734 opulentissimam
1071 1639 1290 1711 tenacissima
1314 1639 1525 1736 posteritatis
1538 1660 1612 1734 ag-

301 1767 386 1836 nitio
404 1756 724 1858 oomprehenderit.
994 1823 996 1830 ,

433 1887 569 1956 Interea
585 1883 703 1952 Sveno
718 1879 882 1954 Estrithre
904 1881 1010 1974 iilius,
1026 1901 1209 1982 expectato
1233 1884 1334 1983 apud
1346 1881 1509 1984 Anglinm
1532 1885 1610 1952 Ca-

300 2023 407 2098 nuto,
433 2029 508 2104 quo
532 2001 673 2101 plenius
697 2001 827 2076 ineolis
844 2027 972 2076 ausum
996 2003 1202 2082 deiectionis
1225 2023 1419 2097 excuteret,
1451 2005 1610 2078 militiam

300 2126 473 2232 praesidiis
490 2126 654 2224 sparsit1,
679 2148 727 2197 ne
750 2123 865 2199 libera
889 2133 1191 2202 munimentorum
1215 2135 1451 2228 occupatione
1473 2151 1608 2225 snspe-

300 2269 372 2328 ctas
389 2250 586 2352 Anglorum
611 2249 703 2320 vires
726 2263 886 2321 armaret
953 2256 997 2324 Ut
1017 2267 1136 2325 antem
1159 2251 1461 2351 Norvagieosibns
1484 2252 1609 2322 morde

299 2379 425 2450 Canuti
441 2377 591 2446 nuncius
608 2369 732 2461 adfuit,
740 2374 922 2465 continno,
940 2372 1081 2472 pudore
1096 2379 1226 2448 externi
1244 2375 1409 2473 obsequii
1429 2376 1607 2448 Danicnm

299 2498 531 2572 detrectantes
545 2498 746 2593 imperium,
772 2495 818 2568 ad
837 2495 938 2570 Olavi
958 2495 1072 2570 lilium
1089 2501 1272 2596 Magnum,
1297 2499 1517 2590 cnibnnitas
1539 2519 1604 2570 sna

297 2621 499 2720 cognomini
513 2634 599 2708 erat,
624 2615 803 2708 deficiunt,
822 2620 929 2714 eique
943 2643 1092 2718 regnum
1112 2624 1308 2719 imponunt
1348 2621 1495 2720 Quippe
1511 2643 1603 2718 spe-

298 2758 391 2818 ctata
407 2741 518 2838 patris
532 2742 694 2816 sanctitas
709 2740 939 2840 popularium
955 2746 985 2812 ei
1001 2741 1156 2815 favorem
1173 2742 1432 2816 conciliaverat
1480 2747 1604 2840 Neque

296 2874 391 2940 enim
408 2865 545 2964 parenti
560 2868 707 2963 gratiam
725 2863 941 2963 impendisse
955 2868 1119 2952 contenti,
1145 2871 1180 2936 in
1195 2865 1306 2940 iiiinm
1323 2891 1472 2964 qnoque
1492 2865 1598 2938 iaro-

295 3015 373 3066 rem
389 2985 624 3063 extenderant.
678 2991 813 3059 interea
822 2989 992 3076 Canntus,
1008 2985 1110 3060 haud
1127 2987 1242 3062 levius
1257 2993 1468 3086 Norvagicae
1485 2985 1601 3085 perii-

295 3113 363 3187 diae
381 3137 490 3212 quam
507 3112 643 3210 paterni
661 3111 720 3184 fati
737 3135 883 3183 rumore
898 3109 1099 3208 perculsus,
1115 3116 1230 3184 vereri
1246 3117 1374 3210 eoepit,
1399 3135 1454 3202 ne,
1467 3116 1495 3183 si
1512 3108 1599 3181 fini-

294 3238 460 3312 timorum
475 3233 573 3330 bello
588 3232 794 3324 intenderet,
809 3258 851 3305 ex
865 3231 1031 3306 dilatione
1047 3254 1166 3306 rernm
1182 3234 1305 3333 Anglia
1322 3259 1388 3332 per
1403 3233 1597 3308 absentiam

236 3456 241 3464 ι
294 3377 441 3452 careret,
464 3355 621 3456 ideoque
640 3358 784 3429 minoris
798 3358 899 3455 regni
918 3353 1152 3428 deiectionem
1168 3355 1318 3428 tolerare
1339 3381 1449 3455 quam
1472 3357 1597 3454 majori

292 3481 484 3556 consimilis
506 3503 614 3555 ansns
646 3479 766 3554 locum
794 3478 950 3550 tribuere
984 3477 1180 3552 consultius
1203 3478 1318 3570 duxit,
1352 3479 1474 3553 leviori
1500 3477 1596 3550 malo

290 3604 405 3681 solam
420 3607 590 3705 gravioris
603 3602 828 3678 lormidinem
844 3601 1123 3700 praeponderare
1138 3602 1313 3700 judicans.
1364 3607 1500 3701 ltaque,
1515 3600 1592 3673 dis-

290 3727 456 3804 simulata
471 3729 680 3825 injuriarum
694 3725 840 3814 oilensa,
859 3724 1062 3798 conditione
1071 3724 1287 3798 desertorem
1302 3723 1517 3822 aggreditur,
1529 3726 1592 3820 jn-

289 3851 484 3952 rejurando
507 3867 651 3950 pactus,
685 3851 772 3947 ejus,
795 3851 860 3946 qui
883 3855 982 3946 prior
1002 3845 1212 3936 decederet,
1245 3853 1422 3948 superstiti
1444 3871 1591 3945 regnum

287 4001 366 4052 esse
381 4001 577 4065 cessurum,
601 4001 647 4049 ne
663 3977 816 4074 priscam
838 3969 1010 4069 regnandi
1028 3969 1317 4043 consuetudinem
1340 3995 1434 4044 nova
1456 3993 1586 4068 regno-
1663 3973 1667 3980 ’

335 4275 450 4336 'Saena
474 4268 612 4332 Estrr'tlroe
624 4269 709 4345 filias
735 4310 758 4327 ..
782 4269 915 4328 militiam
969 4265 1046 4327 citer
1061 4267 1164 4350 elapso
1178 4265 1346 4332 decessisse.
1394 4268 1584 4330 DcStenone

281 4381 430 4468 presidiis
452 4371 577 4465 sparsit]
592 4373 691 4458 Supra
709 4375 820 4434 Νοιιοι·
836 4367 914 4433 salso
969 4373 1097 4436 Ettritio
1137 4386 1239 4438 iacent
1272 4374 1397 4437 omnino
1428 4373 1584 4456 scriptores

287 4493 473 4560 namarerat,
496 4481 574 4544 lilios
593 4479 721 4559 Canuti,
743 4479 914 4542 Sicuonem
969 4479 1098 4562 Anglici.
1139 4475 1248 4542 Narrat
1262 4493 1363 4543 autem
1378 4479 1584 4542 AdamoaBrc·

286 4601 318 4653 et
335 4589 519 4667 Haraldnm,
544 4601 615 4652 ante
629 4599 746 4672 patrem
763 4583 827 4646 sato
844 4581 913 4644 inu·
969 4584 1078 4647 mensis
1095 4585 1149 4646 lib.
1174 4589 1200 4648 11
1223 4607 1289 4670 rap.
1305 4583 1357 4660 55,
1375 4587 1456 4649 hunc
1475 4587 1582 4648 Steno-

285 4707 352 4758 etos
371 4693 470 4758 tutu.
511 4694 669 4778 lgnorarit
683 4691 787 4778 igitur,
803 4691 912 4753 Haral-
967 4711 1036 4753 nem
1055 4705 1126 4775 post
1140 4691 1313 4754 diuturnam
1332 4693 1363 4755 in
1384 4694 1488 4758 Srceia
1506 4711 1580 4755 com·

285 4801 357 4862 dnm
376 4799 414 4862 ab
443 4801 550 4882 Angiia
571 4819 773 4863 snccemorem
802 4799 911 4860 Canuti
966 4798 1164 4860 moraliorem
1191 4821 1262 4884 rega
1286 4803 1405 4864 Canato
1429 4799 1580 4862 demortuo

285 4905 390 4990 Magni
410 4905 540 4967 electum
557 4905 690 4966 triennio
711 4903 831 4967 demun
851 4903 910 4965 cir·
964 4904 995 4964 in
1011 4905 1149 4987 bugliam
1167 4907 1328 4990 navigasse.
