3476 5460
359 243 444 401 'aaa
690 295 866 368 maroa
882 293 989 368 naa.
1002 295 1143 368 utana
1159 291 1246 368 tut.

449 511 495 578 At
516 501 779 595 Sialandemes,
802 507 866 602 qui
890 503 1051 582 liaraltlo
1071 504 1169 580 duce
1192 502 1424 595 adiuuant,
1449 526 1535 578 curn
1552 497 1623 576 ad·

254 715 259 729 ,
321 626 394 702 buc
409 627 538 726 prioris
560 623 712 700 fortunae
726 632 866 722 species
878 629 1003 702 animis
1022 627 1219 717 oberraret,
1237 628 1414 702 loernineia
1428 647 1556 724 pam
1568 621 1625 696 la-

321 748 428 850 gibus
443 746 664 848 probrosum
678 748 764 840 rati,
793 748 945 822 Olonem
968 748 1159 840 accedunt,
1190 747 1418 847 postulantes,
1434 771 1485 820 ne
1500 743 1627 820 elaria-

323 873 401 946 simi
421 873 513 970 regis
542 867 674 944 militiae
698 887 859 946 assuetos
894 869 1058 946 muliebri
1080 874 1170 972 jugo
1193 867 1627 966 obnoxioshatreripae-

321 1007 429 1068 retur.
477 995 630 1066 Praeteru
651 989 699 1066 ad
713 996 832 1091 ipsum
846 1016 885 1068 se
899 991 1116 1084 defecturos,
1141 993 1258 1091 cipro
1272 990 1487 1068 conditionis
1506 1015 1627 1066 mrum

322 1113 544 1189 deformitate
563 1110 717 1188 tollenda
740 1139 840 1188 arma
861 1116 1078 1213 susciperet,
1100 1113 1323 1214 pollicentur.
1379 1117 1455 1190 Nec
1477 1118 1629 1213 segniter

324 1235 392 1310 Olo
416 1235 703 1336 supplicantibus
726 1233 842 1322 affuit,
857 1254 930 1312 tam
946 1239 1070 1312 avitae¹
1103 1237 1296 1335 majestatis
1318 1238 1492 1312 memoria
1523 1262 1627 1335 quarn

323 1358 475 1434 militurn
491 1363 653 1434 invitatus
671 1357 858 1473 obseqff'.
910 1362 1023 1459 Igitur
1036 1357 1225 1452 Hetbam2,
1240 1355 1287 1432 ad
1301 1383 1341 1434 ae
1354 1363 1474 1434 ventre
1484 1359 1629 1456 jan-u,

324 1482 460 1556 cunctis
491 1497 621 1582 prater
649 1483 780 1556 Jutiam
810 1477 1057 1556 dominationis
1083 1505 1160 1556 suae
1193 1480 1357 1580 partibus
1383 1478 1516 1556 cedere
1556 1497 1630 1556 aare

325 1605 429 1680 minis
443 1629 554 1704 quam
580 1605 685 1678 armis
706 1605 833 1704 coegit,
856 1604 1047 1703 ipsamque
1063 1605 1204 1695 ludam,
1237 1627 1283 1676 ne
1302 1602 1458 1678 iserniam
1479 1602 1628 1676 liberum

325 1732 424 1828 regni
444 1724 750 1816 usumtribueret,
775 1722 985 1824 vectigalem
1003 1724 1125 1798 effecit.
1154 1723 1284 1800 Filium
1298 1749 1629 1824 quoqueprocrca-

196 1903 201 1910 -
326 1855 393 1939 vit,
417 1850 476 1922 cui
494 1845 660 1922 Omundo
681 1846 900 1922 vocabulum
922 1848 1053 1953 pos*
1105 1849 1280 1922 Caeterunr
1301 1844 1500 1922 crudelitati
1513 1852 1629 1922 inten-

327 1985 386 2048 tus
414 1985 488 2044 tam
510 1971 659 2068 impium
678 1993 799 2068 regern
823 1970 968 2070 agebat,
999 1975 1041 2042 ut
1066 1972 1231 2069 superior
1258 1970 1387 2070 τεςίιιω
1411 1985 1630 2069 contemptus

328 2099 462 2170 cunctis
485 2097 730 2192 poenitentiam
744 2110 908 2192 pareret,
929 2093 1062 2192 quibus
1085 2117 1237 2192 regumn
1250 2095 1331 2191 ejus
1353 2092 1479 2168 rubori
1501 2093 1630 2166 inbuet.

327 2213 526 2290 Duodecim
553 2215 683 2309 duces,
716 2221 793 2290 sive
814 2221 935 2314 patriae
958 2213 1215 2290 calamitatibus
1238 2217 1325 2288 moti
1347 2215 1425 2289 sive
1454 2213 1560 2288 Oloni
1582 2215 1628 2288 ob

329 2337 436 2411 uliam
452 2337 537 2416 olim
554 2362 698 2412 causam
712 2337 844 2432 infesti,
870 2337 1013 2414 insidias
1040 2341 1147 2436 capiti
1172 2341 1253 2436 ejus
1279 2361 1485 2438 preparare
1505 2361 1628 2436 empc-

329 2475 422 2536 runt.
480 2463 534 2532 Ex
556 2456 613 2534 bis
634 2458 735 2534 fuere
749 2462 941 2552 Lenniusi,
970 2460 1112 2562 Atyla⁴,
1134 2459 1289 2534 Tbottus
1316 2476 1352 2536 et
1375 2458 1550 2552 Vithnus;
1573 2459 1629 2557 qui

330 2605 538 2682 quanquam
558 2580 658 2682 apud
671 2581 818 2658 sclavos
834 2583 1083 2682 praefecturam
1104 2583 1260 2684 genebat,
1285 2585 1408 2658 Dauos
1420 2598 1541 2656 umen
1556 2586 1628 2656 ori-

329 2706 410 2806 gine
424 2704 659 2804 contingebat
711 2707 889 2780 Caeterum
913 2705 961 2779 ad
980 2705 1227 2806 peragendum
1243 2706 1381 2794 lucinus
1396 2730 1527 2803 parum
1543 2709 1629 2778 riri-
1715 2791 1716 2794 Ἴ

330 2827 400 2902 bus
420 2843 528 2926 atque
552 2826 693 2926 ingenio
715 2825 812 2920 freti,
835 2831 987 2928 pecunia
1018 2825 1281 2902 Starcatherum
1303 2828 1515 2904 adsciscunt.
1572 2826 1630 2900 llle

330 2965 460 3024 utrem
477 2947 572 3024 ferro
588 2967 831 3048 exequeretur,
845 2949 1033 3044 adductus,
1043 2966 1196 3024 utentem
1209 2949 1345 3026 balneis
1360 2977 1494 3052 regan,
1506 2975 1631 3026 suace-
1715 2983 1716 3016 ι

331 3076 401 3171 ptis
415 3071 554 3146 cruenti
568 3073 746 3146 ministerii
762 3073 937 3169 partibus,
964 3089 1132 3146 attentare
1148 3075 1334 3147 conudtuit.
1400 3079 1482 3168 Quo
1498 3073 1629 3146 unm
1715 3155 1716 3176 χ

241 3224 242 3228 “
331 3197 532 3293 ingrersus,
556 3218 640 3268 mox
655 3195 727 3268 acri
745 3195 856 3294 ipsius
884 3197 962 3270 visu
994 3194 1244 3292 luminumque
1258 3197 1421 3270 contiuua
1440 3196 1629 3270 mobilitate

334 3313 548 3392 vibrantium
572 3313 714 3414 fulgore
738 3322 960 3414 perstrictus,
999 3317 1144 3391 occulto
1170 3332 1268 3392 metu
1282 3315 1456 3392 hebetatis
1476 3319 1629 3408 artnbm,
1715 3325 1716 3392 l

334 3437 518 3537 vestigium
532 3441 670 3545 pqessit,
691 3435 879 3548 relatqque
894 3439 989 3539 pede
1006 3463 1150 3514 manum
1165 3441 1463 3541 propositumque
1477 3462 1628 3539 stupea-

314 3557 390 3632 -dit
442 3561 567 3658 Itaque
584 3565 645 3658 qui
662 3575 713 3634 tot
732 3561 878 3654 ducum,
900 3577 952 3634 tot
973 3561 1138 3661 pugilum
1159 3587 1257 3636 arma
1279 3565 1509 3662 protriverat,
1533 3567 1629 3640 nnius

216 3669 220 3679 ’
332 3683 475 3757 inermis
489 3685 554 3760 viri
568 3684 681 3756 aciem
698 3684 790 3758 serre
809 3711 882 3758 non
904 3687 1029 3782 potuit.
1080 3689 1125 3758 At
1139 3685 1217 3776 Olo,
1231 3710 1316 3760 sane
1333 3687 1453 3762 vultus
1468 3691 1526 3762 sni
1542 3713 1629 3762 con-

332 3805 461 3896 scius⁵,
486 3804 628 3878 obtecto
651 3831 724 3896 ore,
739 3807 909 3882 accedere
923 3833 1005 3881 eum
1029 3811 1179 3906 propius
1203 3822 1252 3897 et,
1267 3807 1356 3906 quid
1371 3807 1511 3904 afferat,
1533 3811 1630 3885 ederc

334 3919 455 4026 jubet3
486 3933 625 4028 quippe
645 3951 754 4027 quem
788 3947 943 4006 vetustas
969 3932 1153 4004 convictus
1192 3946 1227 4002 et
1259 3929 1368 4032 longa
1396 3906 1629 4008 familiaritatis

334 4221 534 4306 Critiubujua
548 4223 727 4290 narrationis
753 4226 812 4290 rid.
834 4229 866 4290 in
889 4241 952 4292 not.
1013 4255 1063 4304 no,
1076 4242 1110 4293 ut
1132 4227 1212 4292 iufra
1229 4239 1274 4292 ert
1292 4251 1322 4312 p.
1335 4225 1406 4294 397.
1437 4227 1532 4292 Haud
1547 4226 1629 4290 dubie

118 4292 120 4302 ¹
239 4356 251 4381 ο
333 4325 417 4390 uber.
1012 4335 1096 4398 iderti
1112 4353 1222 4401 nomn
1241 4342 1287 4398 esi
1307 4353 1344 4398 att
1357 4339 1483 4407 Eleum}
1502 4334 1583 4420 quod
1601 4333 1628 4393 in

381 4435 511 4522 ¹Auuoe]
525 4435 582 4502 Ed.
601 4461 648 4523 pr.
666 4437 760 4504 babet
777 4443 870 4504 rutile
891 4463 954 4505 ma·
1013 4443 1215 4506 monumentis
1235 4439 1423 4506 blandorum
1445 4441 1556 4524 aaepiaa
1584 4459 1628 4501 ce·

334 4541 445 4606 niiesto
462 4563 572 4608 errore.
1016 4549 1120 4612 currit.

292 4654 299 4667 ’
380 4647 543 4730 ²Herium]
555 4651 603 4712 De
616 4649 670 4713 illa
678 4639 813 4736 viragine
827 4652 885 4717 tid.
893 4665 957 4715 not.
1062 4655 1183 4738 ‘Atylal
1191 4656 1224 4718 ln
1232 4649 1414 4738 ediusuph.
1421 4649 1626 4736 legitnrkylo·

334 4750 420 4827 Ubii·-
1061 4753 1624 4840 ⁶010‚vuttus'ua·comuas]crunb

262 4943 266 4950 Ι
381 4856 957 4962 ιιςηιιιίω]διορὶιειιιὶιισΡοειιοτειῑΙιιιι-
1014 4869 1117 4932 ctoriae
1131 4867 1240 4932 Oloris
1257 4869 1355 4950 vegeti
1374 4865 1484 4930 vidia
1502 4873 1561 4924 not.
1581 4859 1622 4920 ub.
