3520 5462
301 361 305 372 ·
370 317 439 393 tlt
706 318 881 391 tltston.
903 319 1008 392 DAN.
1033 316 1171 392 LlllER
1194 321 1249 392 tlt

314 536 419 622 enim,
440 541 481 603 ut
496 533 624 602 virtute
640 530 812 627 juvenum
838 529 993 628 virgines
1018 528 1234 604 incalescant
1256 541 1303 616 el,
1329 551 1488 628 quotum
1502 529 1622 604 minut

314 651 514 751 complacet
538 651 672 740 forma,
706 648 868 750 probitas
888 669 1103 752 acceptetur.
1160 649 1377 751 Multiplices
1400 651 1497 724 enirn
1521 672 1625 724 amor

313 771 431 848 editus
453 771 573 846 hahet.
634 772 720 847 Aliis
741 773 982 865 decoreris1,
1008 770 1085 848 aliis
1109 773 1217 846 arrimi
1239 775 1371 864 virtus,
1402 768 1624 872 quibusdm

314 901 442 970 attium
459 920 545 969 usus
563 891 756 994 voluptatis
769 900 835 968 iter
851 901 984 994 aperit3
1027 894 1207 970 nonnullis
1222 901 1371 970 comitas
1388 893 1537 969 Veneris
1551 917 1624 968 co-

314 1024 411 1118 piam
427 1033 541 1118 parat,
565 1016 770 1116 complures
785 1017 910 1091 formae
926 1016 1083 1092 candor²
1101 1033 1268 1116 acceptos
1285 1016 1381 1090 facte
1415 1020 1490 1092 Nec
1505 1015 1624 1091 levius

315 1139 445 1214 vulnus
462 1139 572 1212 fortes
589 1163 698 1236 quam
713 1137 857 1238 pulchri
875 1135 1005 1238 puellis
1022 1137 1184 1240 infligere
1197 1119 1322 1212 solent.

277 1271 281 1278 ’
415 1307 418 1314 ‹
443 1259 579 1334 Accidit
592 1277 721 1351 autem,
738 1277 777 1334 ut
790 1260 908 1334 Otltini
925 1261 1021 1337 filius
1034 1260 1206 1334 Balderus
1215 1263 1348 1332 Nnnnte
1362 1284 1496 1359 corpus
1507 1258 1623 1334 ablu-

313 1389 403 1458 entis
432 1399 580 1482 aspectu
610 1381 804 1458 solicitatus
836 1383 973 1458 infinito
1001 1409 1123 1458 umore
1156 1357 1428 1482 corriperetur&
1488 1379 1626 1456 Urebat

313 1505 414 1580 illum
443 1511 677 1580 vetustissimi
702 1503 865 1606 corporis
895 1513 1006 1597 nitor,
1046 1512 1277 1603 animumque
1305 1506 1507 1603 perepicuae
1530 1503 1625 1602 pul-

312 1627 522 1704 chritudinis
543 1625 688 1702 habitus
709 1626 962 1702 inflammabat.
1029 1625 1291 1702 validissimum
1314 1649 1471 1726 namque
1494 1625 1627 1700 libidi-

312 1755 367 1825 nis
388 1755 644 1825 irritamentum
669 1767 722 1824 est
747 1749 866 1825 decor.
923 1749 1123 1825 Hutherum
1141 1755 1271 1848 itaque,
1285 1773 1352 1849 per
1370 1773 1480 1848 quem
1503 1754 1625 1822 mari—

313 1899 372 1946 me
397 1890 520 1948 votum
541 1870 842 1970 interpellandum
876 1873 1043 1964 timebat,
1075 1870 1172 1946 lerro
1198 1869 1323 1946 tollere
1344 1875 1543 1964 coustituit,
1575 1891 1627 1944 ne

313 2019 425 2070 morte
455 1995 641 2094 impatiens
662 2019 764 2068 amor
800 1993 877 2069 ullo
908 1994 1069 2070 fruendae
1099 1991 1256 2068 libidinis
1285 1991 1474 2068 obstaculo
1496 1987 1626 2068 turdu-

313 2132 421 2190 retur.

445 2233 584 2308 Eodem
600 2235 692 2310 forte
706 2251 869 2336 tempore
891 2236 1071 2313 Hotherus
1088 2242 1178 2312 inter
1196 2233 1399 2312 venandum
1414 2257 1535 2310 errore
1551 2259 1628 2310 ne-

313 2355 411 2432 buloe
428 2357 623 2456 perductus
649 2363 684 2432 in
712 2358 895 2460 quoddam
910 2363 1123 2436 silvestrium
1146 2362 1326 2462 virginum
1342 2357 1514 2432 conclave
1526 2359 1628 2432 inci-

314 2479 377 2573 dit,
413 2503 435 2554 u
451 2481 585 2580 quibus
600 2489 748 2582 proprio
766 2487 908 2556 nomine
924 2482 1108 2576 salutatus,
1123 2507 1289 2582 quaenam
1304 2496 1440 2572 essent,
1464 2479 1627 2578 perqui-

313 2609 367 2676 rit.
407 2602 481 2678 llloe
506 2608 581 2678 suis
605 2603 773 2679 ductibus
795 2607 1043 2704 auspiciisque·
1065 2607 1218 2678 maxime
1240 2601 1421 2678 bellorum
1442 2602 1627 2677 fortunam

313 2725 506 2828 gubernari
536 2730 739 2802 testantem.
784 2728 887 2826 Saepe
909 2729 1004 2802 euim
1021 2731 1075 2804 'se
1096 2729 1229 2802 nemini
1252 2726 1464 2825 compicuas
1482 2720 1626 2826 ptoeliis

360 3011 475 3074 ¹Decor
489 3007 561 3088 oris]
574 3015 619 3074 lta
629 3011 848 3094 exconjectura
860 3034 934 3100 pru·
993 3013 1165 3078 observatio
1181 3010 1219 3079 de
1233 3008 1471 3097 pulchritudine,
1491 3033 1561 3099 quae
1570 3013 1626 3097 ju-

312 3112 406 3176 babili
420 3113 495 3200 legit
511 3114 703 3200 Stephtnius.
731 3117 836 3182 Editio
850 3117 935 3205 priu-
995 3140 1084 3184 renes
1097 3129 1239 3205 acceptos
1253 3115 1327 3180 facit
1348 3117 1466 3202 puellis.

270 3225 272 3245 '
313 3235 385 3304 ceps
406 3219 514 3286 hubetz
542 3245 623 3284 amor
648 3223 746 3296 dcem,
773 3245 841 3310 quae
867 3225 937 3288 nul·
1031 3228 1179 3305 ‘'Narmo
1198 3247 1303 3312 eorpus
1331 3224 1474 3286 abluentis
1500 3241 1624 3312 aspectu

312 3326 378 3388 lum
394 3343 513 3388 eentum
531 3319 673 3392 fundunt.
720 3327 789 3394 Alia
811 3351 933 3416 quoque
992 3311 1157 3394 solicitatur
1192 3333 1305 3416 rirstnr'to
1333 3353 1430 3392 aurore
1462 3331 1627 3417 corripere·

312 3449 377 3494 sese
391 3429 488 3495 offert
503 3432 693 3514 conjectura:
715 3461 860 3499 armorum
885 3439 934 3500 de·
993 3431 1056 3516 tur]
1081 3433 1131 3499 te
1161 3447 1297 3498 autorem
1329 3434 1511 3498 uenationis
1537 3431 1624 3499 lama

313 3560 376 3610 eur,
395 3557 464 3622 qum
477 3537 575 3602 minut
590 3537 711 3624 quidem
726 3563 743 3604 a
757 3538 856 3606 verbis
872 3537 936 3605 edi·
992 3537 1295 3636 quaedamobscurior
1309 3540 1482 3625 pervenisse
1496 3541 1625 3608 videtur

313 3640 404 3706 tionis
422 3643 575 3729 primarie
599 3642 724 3725 recedit,
751 3645 804 3710 sed
829 3659 934 3712 cunte—
993 3645 1031 3710 de
1046 3646 1182 3725 Freiero,
1202 3644 1256 3731 qui
1272 3645 1384 3708 solium
1399 3645 1493 3712 Odini
1505 3660 1626 3714 temere

313 3747 377 3811 xtui
392 3750 489 3812 minus
508 3761 578 3834 apta
594 3747 724 3814 videtur.
993 3749 1358 3835 adscendens,conspecta
1371 3749 1483 3833 Gerde,
1501 3751 1627 3820 infinito

357 3852 624 3936 ²Forrmeeundor]
638 3857 682 3918 Ita
696 3841 878 3942 ¹stephanius
897 3878 932 3921 ex
994 3855 1118 3944 virginis
1140 3875 1243 3921 amore
1271 3855 1380 3921 exarsit
1413 3855 1505 3940 (cnlr.
1532 3857 1627 3924 Edda
1754 3919 1755 3926 ,

312 3959 488 4038 conjectura
513 3959 594 4021 haud
616 3959 812 4046 improbabili
832 3965 934 4049 posuit
992 3964 1155 4026 Snorrouis
1186 3959 1403 4048 Gylfaginning
1428 3986 1460 4049 p.
1484 3957 1627 4046 39-40).

311 4083 370 4149 pro
379 4067 474 4152 sumoe
493 4065 604 4128 candor
623 4067 655 4128 in
679 4066 749 4129 edit.
775 4091 823 4152 pr.
843 4070 933 4132 Dice·
993 4069 1175 4153 Exemplum
1207 4068 1333 4134 Datidis
1353 4069 1554 4134 'Bathsebant
1588 4069 1626 4131 in

312 4184 361 4234 ret
382 4169 464 4234 forte
488 4169 594 4256 aliquis
613 4173 762 4236 saxonem
785 4173 937 4238 adhibuis—
994 4174 1117 4239 lavacro
1152 4175 1367 4260 conspicientis
1393 4172 1433 4237 od
1462 4173 1628 4238 historiam

311 4295 343 4340 se
368 4276 532 4339 candorem
554 4276 613 4342 hoc
641 4279 710 4342 loco
747 4299 805 4364 pro
833 4283 935 4366 splen·
994 4279 1238 4366 amplificandam
1251 4279 1380 4346 fortasse
1398 4281 1539 4345 contulit.

311 4381 402 4464 dore,
423 4383 517 4467 igilur
536 4383 718 4447 intellexisse
740 4386 869 4469 gloriam
887 4406 935 4449 re·
1041 4391 1124 4452 ‘Illo
1140 4395 1201 4452 suit
1215 4389 1349 4452 ductilius
1363 4392 1629 4476 auspt'ct'isqttema-

310 4487 367 4550 but
396 4489 487 4572 gestis
511 4501 640 4574 partam,
663 4512 732 4576 quae
759 4491 881 4578 quidem
901 4495 933 4554 in
992 4503 1066 4560 xiim
1080 4499 1216 4559 bellorum
1221 4481 1381 4579 fortunam
1399 4495 1562 4577 gubernari
1578 4511 1627 4554 te-

310 4595 518 4678 eepteutrioue
532 4617 594 4659 uon
613 4597 754 4662 ultimum
767 4611 831 4662 erat
853 4619 934 4662 amo·
991 4597 1124 4682 utuntur]
1145 4600 1368 4664 Describuntur
1389 4598 1440 4660 hic
1469 4597 1627 4680 Valltyriae

311 4699 494 4784 risrirginei
506 4701 735 4767 irritamentum.
768 4703 829 4769 Sed
843 4726 933 4790 qurum
992 4706 1057 4771 sire
1070 4706 1221 4791 nymphae,
1240 4725 1309 4796 quae
1330 4705 1415 4790 juxte
1437 4703 1657 4787 mythologi·,

312 4807 444 4870 insoleus
470 4821 515 4870 eut
535 4809 601 4872 haec
628 4811 751 4898 locutio,
772 4825 834 4872 tam
860 4813 932 4873 tritu
994 4835 1043 4876 am
1078 4812 1233 4875 borealem
1265 4812 1397 4896 primurn
1424 4807 1548 4896 quidem
1571 4811 1624 4872 tel
