3442 5456
376 311 450 385 250
725 307 899 380 ffls'tott
921 308 1177 384 batt-alasa
1196 307 1237 380 V.
1380 337 1383 344 ’

460 521 555 592 Inter
585 516 663 592 baec
683 532 845 592 matrona
864 513 1033 614 quedam
1050 522 1198 619 magicae
1212 524 1263 594 rei
1282 521 1414 618 perita,
1446 522 1529 620 plus'
1555 532 1622 622 spei

327 647 362 718 in
382 659 457 718 arte
478 665 556 730 sua,
576 665 687 739 quam
712 653 828 712 metus
847 639 885 710 in
899 640 995 739 regis
1017 641 1151 714 sevitia
1171 665 1364 740 reponens,
1385 640 1499 716 filium
1510 660 1623 742 peten-

328 761 386 838 dae
407 763 527 838 furtim
559 760 692 861 praedm
718 758 912 859 cupiditate
943 761 1112 852 solicitat,
1149 766 1395 862 impunitatem
1426 771 1624 863 momittm,

328 886 428 986 quod
444 889 472 958 F
474 883 578 958 rotho
595 883 669 958 fato
691 881 958 981 propemodum
969 882 1119 960 confirm
1137 901 1290 976 maret,
1316 885 1473 960 mandam
1488 911 1624 986 corpora

329 1033 443 1107 aegras
465 1007 582 1080 senilis
605 1008 731 1080 animae
755 1004 926 1104 reliquias
954 1004 1106 1081 trabeas.
1181 1012 1264 1101 Quo
1295 1023 1458 1082 materno
1486 1009 1625 1084 hortanti

328 1129 475 1230 periculi
507 1129 786 1230 magnitudinem
816 1143 1041 1226 opponente,
1079 1127 1206 1204 melius
1234 1155 1319 1204 eum
1350 1154 1498 1229 sperare
1526 1132 1625 1232 iubet,

328 1269 390 1327 ant
417 1253 628 1325 maritimam
655 1251 790 1324 bovem
827 1250 955 1326 foetum
985 1249 1162 1324 edituram
1205 1269 1268 1326 aut
1296 1251 1405 1328 alium
1434 1261 1625 1355 quempiam

328 1401 450 1450 casum
475 1374 598 1448 ultioni
612 1349 897 1472 repuqnaturum
921 1371 1111 1449 affirmem.
1168 1377 1251 1468 Qua
1266 1376 1530 1450 rocesolutum
1544 1394 1624 1452 metu

327 1499 441 1574 filium
459 1497 682 1569 hortamento
710 1495 864 1594 obsequi
875 1501 1003 1594 coegit.
1060 1496 1142 1588 Quo
1157 1495 1252 1570 facto
1270 1495 1407 1571 Frotho
1429 1499 1574 1596 perinde
1594 1527 1627 1574 ac

328 1617 540 1696 conmmelia
566 1618 769 1708 lacessitus,
793 1616 841 1690 ad
865 1617 1085 1715 diripiendos
1106 1633 1279 1692 matronae
1308 1635 1455 1717 penates
1489 1627 1627 1698 maximo

328 1749 466 1844 impetn
487 1739 680 1838 studioque
696 1740 890 1830 contendit,
903 1744 1109 1839 praemissis,
1126 1743 1189 1839 qui
1203 1765 1283 1814 eam
1300 1767 1382 1816 curn
1396 1741 1519 1817 liberis
1532 1769 1625 1818 com-

328 1865 541 1967 prehensam
558 1861 784 1936 adducerent.
833 1861 941 1956 Quod
958 1869 1149 1960 presciens
1163 1863 1321 1954 foemina,
1335 1863 1524 1940 ludificatis
1538 1885 1627 1966 pre·-

326 1993 433 2088 stigio
455 1985 631 2073 hostibus,
650 1985 853 2058 foemineam
877 1985 1035 2082 speciem
1052 1989 1182 2084 equina
1200 1985 1479 2084 permutandam
1494 1997 1626 2064 curarit

330 2109 529 2186 decedente
544 2132 630 2184 vero
649 2104 844 2197 Frothone,
856 2095 1039 2181 maritimae
1053 2107 1159 2182 bovis
1177 2104 1332 2208 fig'raram
1349 2109 1548 2208 complexa,
1567 2137 1628 2210 pa·

329 2252 425 2310 stum
448 2235 486 2306 in
508 2231 621 2305 littore
648 2228 863 2327 vagabunda
881 2247 1002 2328 petere
1024 2228 1230 2324 videbatnr;
1266 2231 1359 2306 filios
1384 2257 1535 2332 quoque
1556 2251 1628 2308 tan-

330 2383 441 2458 quam
465 2357 616 2428 minores
637 2377 789 2450 corpore
812 2350 941 2426 vitulos
962 2350 1212 2427 adumbrabat
1278 2356 1392 2453 Cujus
1408 2358 1558 2430 monstri
1578 2381 1628 2430 rer

261 2499 265 2508 ’
330 2480 563 2554 admiratione
599 2492 744 2574 eaptus,
764 2476 905 2548 circuiri
921 2475 1021 2572 ipsos
1057 2473 1283 2576 reditumque
1307 2480 1357 2552 eis
1379 2476 1427 2552 ad
1442 2479 1558 2554 undas
1570 2505 1629 2552 ne-

199 2629 203 2637 ·
327 2607 404 2704 gari
422 2601 535 2700 jubet.
589 2601 754 2697 Denique
778 2595 963 2688 vehiculo,
996 2621 1073 2696 quo
1098 2597 1148 2672 ob
1171 2605 1294 2674 annosi
1313 2606 1475 2698 corporis
1499 2601 1629 2676 invale-

330 2723 487 2800 tudinem
512 2721 700 2809 utebatur,
729 2717 922 2809 excedens,
956 2717 1057 2792 humi
1096 2719 1335 2796 mirabundus
1362 2721 1535 2796 consedit.
1594 2728 1630 2796 tt

324 2863 460 2934 mater,
483 2869 567 2941 quae
590 2845 737 2942 majoris
760 2839 892 2916 belluae
913 2847 1068 2939 speciem
1084 2859 1304 2942 sumpserat,
1326 2861 1502 2943 praetento
1531 2870 1630 2920 comu

323 2993 451 3068 regem
468 2963 602 3058 adorta,
625 2963 777 3038 alterum
795 2966 875 3062 ejus
897 2961 989 3036 latus
1013 2963 1178 3040 confodit
1239 2967 1321 3058 Quo
1343 2964 1493 3042 vulnere
1514 2969 1630 3042 exani-

329 3105 455 3178 matus,
476 3085 676 3162 indebitum
692 3103 798 3160 tantm
816 3086 991 3185 majestati
1014 3085 1145 3162 eiitum
1162 3086 1299 3162 babuit.
1361 3089 1476 3188 Cujus
1491 3107 1630 3166 muers

329 3211 454 3288 nulites
475 3209 607 3284 aldone
629 3215 799 3309 prosequi
821 3215 1025 3310 gestientes,
1049 3213 1161 3308 petita
1179 3211 1304 3311 jaculis
1329 3227 1494 3312 portenta
1520 3211 1631 3288 confi-

329 3351 428 3436 gunt.
492 3333 635 3427 Quibus
656 3333 890 3430 interemptis,
913 3330 1198 3408 animadvertunt
1211 3333 1372 3410 bumana
1386 3329 1563 3410 cadavera
1579 3334 1630 3406 fe·

329 3465 415 3534 riuis
430 3455 605 3555 capitibus
625 3453 783 3555 praedito.
835 3457 889 3526 Ea
906 3477 961 3526 res
984 3458 1135 3545 maxime
1151 3459 1373 3558 prestigium
1392 3456 1531 3532 deese
1574 3461 1632 3532 Hie

329 3580 531 3672 Frotbonis,
548 3595 623 3654 toto
645 3579 734 3654 orbe
749 3575 929 3652 clarissimi
945 3580 1050 3675 regis,
1066 3603 1229 3678 excessus
1245 3578 1323 3652 fuit
1372 3581 1504 3678 Harjus,
1515 3581 1632 3682 egestis

330 3703 546 3794 anseribus,
571 3700 712 3776 salitum
733 3725 867 3798 eorpus
893 3699 1042 3774 triennio
1067 3725 1235 3797 proceres
1259 3701 1518 3778 asservandum
1531 3727 1633 3778 cura-

329 3829 428 3915 bant,
453 3827 719 3924 provinciarum
737 3819 974 3896 defectionem
998 3819 1142 3920 vulgato
1168 3829 1262 3925 regis
1287 3831 1380 3900 exitu
1399 3825 1633 3912 formidantes,

330 3967 554 4048 mortemque
574 3951 649 4020 eius
670 3945 720 4020 ob
744 3941 815 4050 hoc
833 3944 986 4014 maxime
1009 3941 1101 4016 elam
1124 3947 1249 4020 exteris
1276 3973 1355 4022 esse
1380 3949 1580 4046 cupientes,
1599 3959 1634 4016 ut

319 4082 410 4150 'vitae
435 4068 660 4146 simulatione
683 4070 871 4166 propagati
901 4064 1117 4166 jampridem
1144 4071 1280 4170 imperii
1305 4071 1471 4144 terminos
1494 4088 1632 4145 tueren-

330 4217 407 4290 tur,
426 4195 646 4296 pristinaque
670 4188 773 4264 ducis
797 4190 986 4283 autoritate
1024 4191 1165 4266 subnixi
1200 4210 1406 4268 consuetam
1426 4219 1449 4267 a
1472 4191 1634 4291 subjectis

328 4324 538 4422 pensionem
553 4313 728 4388 elicerent.
779 4311 1047 4412 Deportabatur
1066 4317 1188 4414 itaque
1209 4314 1255 4390 ab
1273 4317 1323 4394 eis
1338 4318 1539 4393 exanimum
1552 4337 1633 4389 cor-

329 4447 436 4544 pns¹,
459 4455 500 4514 ut
516 4442 592 4538 jam
607 4463 681 4512 non
697 4435 839 4514 funebri
859 4433 963 4530 lecto,
986 4437 1052 4510 sed
1074 4435 1186 4538 regali
1202 4435 1365 4514 vehiculo
1380 4445 1511 4541 gestari
1534 4435 1633 4514 ride-

377 4697 707 4784 ¹Deportabotttrabait
718 4700 881 4758 waramum
894 4663 958 4758 cori-¹
1012 4691 1084 4781 put]
1112 4695 1161 4756 De
1178 4693 1273 4759 baete
1291 4661 1466 4780 gestatione
1492 4691 1634 4762 minaeis

1018 4798 1080 4862 rid.
1092 4811 1157 4863 not.
1173 4800 1258 4866 uber.
