3442 5456
369 283 443 386 oio
711 309 1240 385 nrsronnmtmmvr.

317 521 423 596 nivali
446 521 605 622 desuper
626 523 1080 622 mpeffiissne‘cssntflcbllme
1142 523 1374 595 Percontatur
1395 519 1619 616 laqueatis

318 647 371 736 sit,
395 646 460 742 qui
477 650 674 744 promissas
690 667 825 744 pugnae
842 658 961 741 partes
978 668 1085 743 agere
1098 640 1239 718 debeat.
1294 644 1464 740 Cumque
1481 663 1522 719 se
1538 636 1618 714 bute

314 789 397 840 esse
412 767 658 842 Starcatherus
673 781 864 857 astrueret,
889 770 1180 863 supervenientes
1193 770 1332 858 caeteri,
1356 764 1536 862 pariterue
1549 787 1619 836 om-

315 912 380 962 nes
393 913 440 982 an
459 889 659 989 singillatim
673 892 837 987 excipere
852 895 1039 982 statuisset,
1057 890 1285 988 interrogant.
1337 891 1381 960 m
1395 883 1467 978 ille,
1488 886 1618 978 Quoties

234 1009 237 1027 '
317 1009 414 1104 mitt,
431 1013 557 1110 inquit,
572 1021 668 1086 triste
686 1037 818 1086 canum
834 1035 963 1111 agmen
980 1010 1151 1103 oblatrat,
1164 1008 1280 1103 simul,
1296 1035 1371 1082 non
1392 1012 1557 1099 vicissim,
1569 1031 1618 1080 eos

317 1133 463 1232 abigere
489 1136 600 1208 soleo.
640 1139 690 1209 lta
718 1160 861 1210 secum
890 1136 1082 1224 universis,
1113 1159 1225 1232 quam
1248 1130 1414 1232 siugulis,
1440 1128 1618 1228 confligere

317 1253 425 1328 malle
441 1257 654 1356 significans,
668 1258 893 1333 adversarios
908 1265 1009 1356 prius
1026 1257 1130 1332 dietis
1144 1279 1255 1355 quam
1272 1254 1378 1329 armis
1399 1268 1619 1331 contemnen-

316 1375 384 1450 dos
402 1379 561 1474 putabat
612 1383 701 1453 Inito
716 1381 896 1473 conflictu,
920 1405 982 1458 sex
998 1403 1125 1455 eorum
1143 1379 1283 1475 absque
1301 1389 1428 1448 mutuo
1439 1372 1619 1462 ,vulnerum

317 1515 464 1597 receptu
484 1508 700 1599 prostravit;
727 1520 797 1580 tres
818 1529 905 1578 vero
929 1501 1107 1591 residuos,
1127 1523 1337 1599 quanquam
1354 1495 1482 1572 decem
1505 1521 1550 1570 ac
1570 1519 1620 1570 se-

317 1637 416 1720 ptem
432 1621 640 1698 volneribus
656 1632 701 1698 ito
726 1627 775 1699 ab
793 1631 843 1700 eis
858 1626 1008 1700 allectus
1022 1639 1124 1714 esset,
1148 1639 1189 1698 ut
1209 1623 1327 1706 maior
1347 1621 1526 1694 viscerum
1549 1641 1620 1716 pars

318 1761 440 1818 ventre
472 1743 695 1837 elaberetur,
742 1747 974 1824 nihilominus
1006 1750 1158 1824 fratrum
1198 1740 1365 1841 exemplo
1403 1743 1620 1840 consumpsit.

317 1869 485 1964 Cumque
500 1875 584 1942 extis
609 1894 759 1961 vacuus,
781 1871 966 1946 labefactis
981 1871 1129 1962 viribus,
1144 1871 1244 1969 gravi
1268 1866 1339 1940 sitis
1356 1866 1519 1965 angustia
1542 1887 1619 1964 pre-

318 2007 484 2078 meretur,
500 1990 663 2088 petenclae
681 1999 837 2091 potionis
850 1993 1044 2092 cupiditate
1066 1990 1317 2091 pergenuans¹
1346 1989 1499 2064 labentis
1524 2013 1618 2061 com-

318 2119 436 2186 minus
461 2119 526 2188 rivi
552 2113 741 2212 lympham
763 2121 931 2214 exposcit
998 2119 1117 2209 Quem
1141 2131 1183 2188 ut
1205 2137 1331 2188 cruore
1357 2110 1523 2186 tabidum
1547 2115 1619 2184 ani-

319 2234 516 2328 madvertit,
539 2237 715 2335 apolluto
729 2240 811 2337 ejus
832 2239 976 2333 haustu,
997 2236 1152 2312 fastidita
1178 2239 1428 2336 aquaespeaie,
1445 2252 1618 2332 tempera-

316 2360 375 2431 vit
423 2364 671 2456 Anganturus²
691 2358 869 2458 siquidem
882 2363 974 2434 inter
993 2364 1108 2434 amnis
1123 2359 1255 2434 fluenta
1276 2374 1478 2459 prostratus
1506 2357 1618 2432 imul-

316 2505 425 2554 veum
449 2483 530 2580 ejus
555 2482 736 2580 sanguinis
754 2485 810 2558 sui
828 2483 965 2560 rubore
986 2497 1243 2584 consperserat,
1266 2497 1308 2555 ut
1330 2483 1406 2580 jam
1426 2507 1501 2555 non
1515 2485 1618 2581 aquis,

315 2603 379 2677 sed
400 2629 503 2678 roseo
526 2602 686 2700 quodam
718 2603 859 2704 liquore
888 2631 1034 2680 manare
1059 2605 1249 2680 videretur.
1301 2609 1353 2680 lta
1390 2603 1617 2678 Starcatherns

316 2734 476 2825 corporis
493 2725 626 2800 viribus
641 2725 756 2820 defici,
769 2755 879 2828 quam
898 2751 958 2802 eas
973 2753 994 2804 a
1008 2745 1081 2802 tam
1095 2727 1193 2800 freda
1206 2729 1352 2826 potiorm
1369 2731 1526 2803 mutuari
1538 2753 1616 2826 spe-

315 2855 446 2926 ciosius
461 2850 569 2926 duxit
621 2855 732 2952 Igitur
750 2868 967 2950 consumpto
987 2875 1089 2950 paene
1102 2850 1254 2944 robore,
1267 2875 1373 2942 saxo,
1395 2850 1498 2951 quud
1516 2856 1549 2922 in
1565 2855 1616 2924 vi-

315 2977 396 3044 cino
411 2973 505 3046 forte
519 2979 626 3048 situm
643 2981 729 3062 erat,
752 2975 905 3074 genibus
922 2974 1128 3067 advolutnS,
1150 2973 1335 3073 paulisper
1352 2973 1469 3048 eirlem
1488 2974 1616 3048 acclinis

315 3096 498 3192 incubuit;
528 3101 633 3197 cujus
652 3124 739 3172 cava
759 3096 885 3172 adhue
902 3098 1114 3197 superficies
1136 3098 1309 3187 cernitur,
1332 3121 1375 3168 ac
1390 3098 1418 3168 si
1440 3095 1537 3170 illam
1556 3095 1616 3191 de-

308 3216 477 3292 'cubantis
502 3220 615 3294 moles
642 3224 836 3318 conspicua
856 3227 1020 3319 corporis
1041 3223 1273 3317 impressione
1300 3223 1483 3317 signasset.
1546 3223 1615 3316 Ego

314 3357 432 3412 eutem
455 3340 549 3416 hanc
573 3345 763 3444 imaginem
789 3341 947 3417 hnmana
975 3358 1051 3416 arte
1075 3341 1294 3414 elaboratam
1321 3365 1422 3432 reor,
1449 3367 1532 3416 cnm
1554 3343 1616 3414 reri

296 3461 423 3560 *fidem
436 3465 607 3538 excedere
623 3466 796 3557 videatur,
810 3464 1041 3540 insecabilem
1054 3481 1166 3564 petrae
1183 3463 1345 3536 duritiam
1361 3464 1408 3536 ita
1423 3489 1516 3539 cerae
1529 3463 1615 3540 mul-

311 3585 419 3658 litiem
437 3588 564 3660 imitari
588 3593 767 3686 potuisse,
792 3606 832 3664 ut
858 3589 936 3662 solo
959 3589 1135 3662 innitentis
1157 3601 1322 3660 contactu
1349 3584 1518 3660 hnmanae
1542 3611 1614 3660 ses·

311 3710 418 3784 sionis
441 3711 597 3808 speciem
615 3728 896 3810 repraesentaret,
920 3710 1158 3810 habitumque
1189 3725 1374 3810 perpetuae
1396 3709 1614 3784 concavitatis

310 3830 481 3905 indueret.

441 3958 608 4054 Cumque
625 3955 887 4033 Starcatherum
905 3955 1054 4056 quidam
1073 3956 1163 4030 forte
1180 3980 1290 4026 curru
1314 3956 1517 4051 praeteriens
1547 3969 1610 4026 toto

310 4101 414 4172 paene
431 4102 586 4176 corpore
601 4082 797 4152 sauciatum
819 4079 977 4170 vidisset,
992 4080 1142 4152 horrore
1159 4079 1209 4148 rei
1225 4081 1358 4174 pariter
1378 4095 1488 4176 atque
1503 4076 1610 4150 aduri-

310 4201 446 4274 ratione
461 4219 643 4300 permotus
668 4204 818 4302 propius
836 4202 911 4276 lora
931 4200 1105 4292 deflectit,
1129 4225 1295 4298 quaerens
1320 4198 1408 4298 quid
1435 4201 1504 4274 sibi
1522 4223 1609 4300 prae-

271 4592 274 4600 ·
356 4519 363 4551 ¹
383 4515 587 4600 Perpennam]
613 4519 646 4582 ld
669 4531 724 4597 est,
738 4519 865 4605 genibus
888 4540 936 4582 re·
996 4505 1137 4582 stantiam
1157 4518 1187 4580 in
1202 4515 1311 4580 eodem
1326 4517 1449 4578 nomine
1462 4507 1608 4578 scribendo

307 4635 392 4704 Peli·
1000 4631 1149 4702 serva'ret3
1171 4623 1223 4687 sed
1244 4623 1360 4707 majore
1375 4624 1444 4706 jure
1458 4614 1605 4686 contende-

353 4726 585 4811 ²Anganturus]
598 4731 782 4818 Stephanius
808 4751 843 4792 ex
869 4752 936 4794 cor·
996 4751 1029 4796 rt
1046 4733 1126 4810 lieet,
1142 4738 1325 4816 Aegaterrrm
1342 4747 1406 4792 esse
1421 4727 1524 4790 vitiose
1541 4718 1604 4784 scri·

308 4830 443 4892 rectione
466 4836 567 4913 posuit
590 4843 771 4920 Aegocerus,
805 4849 837 4900 ut
862 4860 933 4901 con·
996 4850 1098 4921 ptum3
1114 4837 1172 4899 vid.
1195 4848 1260 4898 not·
1283 4835 1333 4898 ub.
1357 4833 1395 4898 te
1409 4836 1561 4918 Angatero.
