3442 5456
630 295 657 364 F
660 293 818 366 ROTHO
841 293 897 364 tv.
1295 304 1368 374 273

104 517 329 602 mutuantem
350 501 515 600 largitate.
526 525 738 602 cognomen.
806 505 931 602 ltaque
948 503 1083 578 Frctho
1099 504 1150 580 ob
1165 512 1268 582 avite
1295 509 1417 589 lelici-

100 628 182 706 tatis
198 624 419 713 memoriam,
444 648 556 722 quam
571 647 640 700 suc
656 627 799 699 nomine
813 625 999 716 referebat,
1021 625 1069 700 ab
1094 629 1322 709 incunabulis
1335 641 1418 732 pri-

99 747 242 844 misque
259 744 412 819 infantiae
427 744 637 830 rudimentis
654 746 746 820 adeo
768 748 903 822 cunctis
926 771 1031 822 carus
1055 751 1181 842 evasit,
1208 769 1247 824 ut
1271 777 1316 826 ne
1339 753 1416 835 bu·
1441 769 1443 774 '

98 871 148 945 rni
174 867 324 967 quidem
345 865 507 949 incedere
534 886 597 942 aut
618 873 807 945 consistere
833 868 1019 962 toleratus,
1051 875 1131 948 sinu
1153 873 1286 970 jugiter
1310 891 1419 975 atque

99 989 236 1069 esculis
261 991 452 1076 leveretur.
514 993 567 1062 Ita
592 1016 666 1064 non
691 989 886 1064 unimode
911 991 1112 1092 pedagogo
1136 992 1320 1088 addictus,
1354 997 1419 1072 sed

98 1115 208 1212 quasi
223 1115 423 1187 communis
439 1115 600 1189 omnium
618 1112 784 1188 alumnus
803 1113 952 1191 extabat
1005 1115 1182 1188 Defuncto
1201 1143 1287 1190 vero
1302 1136 1418 1216 patre,

96 1231 456 1317 cumduodeeimum
474 1237 584 1310 aetatis
599 1259 731 1308 annum
748 1253 880 1336 egeret,
906 1239 1066 1310 Saxoniae
1081 1235 1237 1336 regulos,
1252 1243 1416 1318 Stertin-

96 1382 188 1454 gum
204 1373 241 1430 et
257 1361 455 1450 Hanevum,
467 1360 659 1458 imperium
675 1356 910 1432 detrectantes
938 1384 980 1432 ac
994 1358 1115 1456 palam
1129 1359 1304 1439 rebellare
1323 1389 1416 1438 eim-¹

96 1485 208 1568 nisos,
233 1485 309 1554 acie
321 1482 515 1580 superavit,
538 1478 758 1578 devictisque
776 1481 941 1582 gentibus
962 1481 1138 1558 servitutis
1157 1486 1301 1560 nomine
1316 1511 1417 1584 pen-7

96 1599 211 1684 dendi
224 1627 291 1710 pro
309 1604 424 1700 capite
440 1604 575 1678 nummi
594 1602 767 1678 mulctam
788 1603 918 1678 inflixit.
976 1603 1077 1680 Adeo
1101 1631 1260 1706 natuque
1276 1607 1414 1684 libera-

98 1721 141 1801 lis
156 1725 276 1816 extitit,
301 1740 341 1800 ut
355 1727 484 1800 recenti
496 1724 666 1824 largitatis
684 1711 939 1800 consuetudine
958 1731 1074 1825 prisca
1094 1727 1224 1802 militiae
1241 1729 1417 1830 stipendia

96 1843 311 1944 duplicaret
363 1851 489 1946 Neque
506 1847 598 1920 enim
615 1871 655 1922 se
669 1863 902 1946 tyrannorum
916 1873 1016 1924 more
1034 1850 1285 1927 communibus
1305 1853 1415 1942 vitio-

94 1993 184 2053 rum
199 1967 374 2047 illecebris
391 1967 596 2066 objiciebat,
630 1968 696 2044 sed
713 1968 886 2069 quicquid
904 1967 1079 2046 honestati
1100 1976 1305 2072 proximum
1322 2001 1414 2075 per-

95 2087 266 2185 videbat,
282 2089 455 2175 ¹ardenter
476 2109 666 2192 appetere,
692 2115 781 2190 opes
807 2094 844 2166 in
869 2094 1065 2192 propatulo
1088 2094 1241 2186 habere,
1266 2111 1416 2174 eaetercs

93 2211 286 2314 largiendo
311 2239 548 2314 precurrere,
585 2239 709 2290 omnes
738 2213 965 2292 bumarutatis
988 2217 1112 2292 officiis
1138 2221 1339 2295 antevenire
1372 2237 1415 2314 et,

95 2334 204 2435 qued
233 2335 480 2424 difficillimum
507 2353 579 2432 est,
620 2343 750 2412 virtute
778 2337 949 2414 invidiam
973 2345 1113 2414 vincere
1143 2340 1415 2416 contendebam
1456 2410 1459 2424 ,

95 2460 217 2558 Cujus
238 2459 292 2544 rei
314 2463 429 2560 gratia
472 2461 575 2537 brevi
595 2477 727 2541 tantam
751 2458 853 2558 apud
876 2485 1003 2538 omnes
1019 2460 1214 2536 claritatem
1230 2466 1415 2554 contraxit,
1501 2461 1504 2492 '

94 2597 136 2655 ut
152 2579 442 2668 adolescentulus
460 2610 532 2658 non
548 2581 658 2659 modo
681 2583 778 2658 lama
790 2583 968 2680 majorum
982 2582 1097 2656 titulos
1120 2604 1334 2684 exaequaret,
1351 2583 1415 2663 scd

92 2709 206 2780 etiam
222 2709 456 2792 vetustissima
473 2733 601 2806 regum
616 2722 844 2796 monumenta
861 2706 1128 2780 transcenderet.

230 2827 359 2916 lisdem
380 2830 604 2930 temporibus
626 2827 870 2907 Stercatberue
899 2827 1058 2927 quidam,
1083 2829 1258 2904 Storverki
1282 2825 1414 2924 filius²,

92 2947 306 3047 periclitatis
327 2950 515 3050 naufragio
534 2957 653 3044 sociis,
676 2953 777 3028 solus
792 2957 825 3026 vi
843 2952 1061 3028 autfertum
1075 2951 1262 3050 delapsus,
1286 2947 1335 3025 ob
1353 2954 1414 3022 in-

92 3069 309 3168 credibilem
325 3075 482 3172 corporis
497 3080 677 3174 animique
695 3077 935 3174 praestantiam
949 3074 1083 3174 hospes
1099 3072 1317 3169 aFrctboue
1332 3071 1415 3165 coln¹

93 3195 228 3296 ligitur.
265 3197 379 3296 Cujus
394 3221 477 3282 cum
491 3195 714 3296 aliquamdiu
729 3198 1021 3275 contubernalem
1035 3199 1174 3296 egisset,
1198 3195 1311 3292 indies
1331 3195 1415 3271 cul·-

94 3321 168 3408 tius
185 3318 341 3410 babitus,
366 3317 512 3404 taudem
526 3321 690 3430 specioso
708 3319 860 3399 donatus
876 3323 1031 3420 navigio,
1055 3321 1248 3395 maritimas
1263 3316 1416 3420 excubi7

92 3466 136 3530 as
167 3439 399 3539 procurando
424 3443 611 3540 piraticum
634 3469 766 3518 munus
801 3446 935 3544 agitare
960 3440 1176 3542 praecipitur]
1235 3440 1417 3540 Siquidem

91 3561 328 3653 excellentius
341 3561 501 3672 humano
519 3563 644 3641 habitu
663 3591 797 3666 corpus
822 3581 988 3650 enatura
1002 3569 1157 3657 sortitus,
1181 3565 1231 3657 ita
1253 3562 1292 3638 id
1310 3567 1414 3662 animi

90 3685 347 3788 magnitudine
363 3685 546 3786 aequabat,
571 3704 611 3763 ut
628 3686 717 3762 nulli
733 3686 945 3774 ,mortalium
966 3690 1093 3764 virtute
1118 3687 1245 3764 cedere
1261 3702 1415 3786 putare-

145 4029 290 4089 ¹Virtute
309 4027 449 4088 accidiam
469 4031 582 4092 eiecere
611 4044 727 4092 conten·
834 4029 1007 4092 ²Stcrcerki
1015 4023 1115 4110 filius]
1137 4029 1256 4092 Nomen
1276 4019 1415 4089 Scor-vert

91 4129 202 4213 debat]
220 4131 391 4214 Sallustius,
410 4131 500 4220 quem
520 4135 553 4197 iu
575 4146 645 4197 toto
666 4133 728 4196 boe
788 4132 939 4219 signifieat
961 4131 1079 4194 Daniee
1099 4157 1236 4217 magnum
1260 4153 1352 4218 apuu
1370 4137 1418 4188 eti
1470 4140 1480 4155 “

90 4241 173 4328 loeo
186 4238 444 4306 uccericium
463 4261 528 4306 este
544 4237 675 4317 ridetur,
695 4238 729 4300 in
741 4311 755 4321 ,
788 4239 882 4324 igitur
896 4254 1008 4306 nomen
1021 4238 1201 4318 ominosum
1220 4233 1357 4310 occurrit
1370 4231 1416 4294 in-

94 4344 215 4410 hiator.
237 4344 313 4409 beili
335 4347 507 4432 Iugurthini
521 4367 587 4428 cap.
604 4343 643 4408 10
663 4344 730 4408 bere
787 4358 837 4410 ter
859 4344 982 4409 nomina
1009 4346 1194 4409 Jottncrun
1219 4344 1282 4406 sire
1304 4339 1418 4422 Gigan-

90 4449 212 4516 bnbett
232 4453 399 4526 Postremo,
421 4455 503 4538 qued
527 4451 731 4538 dffleillimmu
791 4463 856 4514 tum
870 4447 904 4512 iu
923 4447 1011 4512 Eddc
1028 4449 1275 4532 Suomouispeg.
1295 4441 1357 4506 209
1371 4439 1419 4505 ed.
1469 4511 1473 4519 ,

92 4562 182 4620 inter
197 4559 336 4622 mortales
349 4575 409 4632 est,
423 4560 523 4643 gloria
536 4559 676 4622 iuvidiam
690 4561 734 4620 ei·
793 4554 906 4620 leutii.
962 4557 997 4616 ln
1018 4553 1145 4616 historia
1169 4549 1310 4620 Gethriei
1333 4550 1416 4632 regit

93 4669 183 4727 εὐαί.
194 4660 256 4740 ’(8)
795 4659 907 4724 dicitur
919 4654 1346 4744 fflimstarccheeigtgantia
1364 4675 1418 4738 pe·

725 4807 728 4818 ·
797 4780 845 4830 ter
859 4785 933 4832 rere
946 4765 1022 4832 alius
1038 4764 1235 4832 Staroatheri.

160 4892 216 4938 Sex.
232 4853 357 4937 Grammet.
372 4891 432 4938 itte.
448 4891 509 4937 Dan.
1148 4873 1224 4968 (18)
