3520 5462
408 1389 632 1500 Saxonis
667 1387 1014 1502 Granunatioi
1046 1389 1290 1501 Historia
1325 1387 1551 1496 Danicae

757 1631 928 1760 Libet
955 1631 1191 1717 Tertius.

648 1871 652 1874 .
663 1867 757 1874 ...—-—
764 1869 873 1875 ..n—u...
882 1869 1004 1876 -—-...-..-..
1013 1866 1298 1875 ——-...—...---·——-—

320 1984 537 2112 Hotherus,
561 2021 658 2097 Atisli
685 2023 812 2097 frater¹
842 2023 1011 2123 idemque
1033 2028 1162 2100 Gevati
1188 2030 1283 2124 regis
1311 2023 1496 2111 alumnus,
1521 2026 1632 2120 cujus

320 2151 536 2219 mentionem
552 2148 723 2244 praemisi,
746 2161 827 2244 post
852 2147 1079 2223 Hiartvarum
1107 2147 1295 2244 utriusque
1319 2149 1418 2244 regni
1436 2145 1632 2244 imperium

321 2268 437 2341 sumit.
489 2267 605 2367 Hujus
622 2285 803 2366 tempora,
820 2273 847 2342 si
865 2268 913 2341 ab
928 2271 1040 2343 aetatis
1064 2271 1142 2368 ejus
1168 2273 1303 2370 origine
1325 2293 1485 2367 capeio,
1509 2269 1634 2365 aptius

320 2387 604 2490 explicabuntur.
655 2389 843 2466 Pulchrius
860 2397 952 2465 enim
971 2390 1185 2490 pleniusque
1206 2406 1362 2462 extrema
1385 2413 1562 2462 annorum
1575 2387 1632 2460 il-

321 2509 391 2584 lius
414 2510 591 2586 curricula
614 2517 919 2613 perstringuntur,
941 2515 1005 2588 ubi
1032 2519 1148 2612 prima
1163 2511 1300 2586 silentio
1315 2534 1389 2582 non
1403 2507 1631 2583 damnantur.

320 2631 509 2706 Interfecto
531 2633 578 2706 ab
594 2633 755 2733 Helgone
770 2633 1006 2728 Hothbrodo,
1031 2637 1125 2710 filius
1144 2633 1325 2708 Hotherus
1340 2629 1410 2706 sub
1425 2613 1535 2704 ‘tutela
1548 2633 1632 2704 Ge—

322 2759 395 2828 vari
415 2756 510 2854 regis
532 2757 694 2854 pueritiae
710 2763 947 2854 procursum²
968 2765 1092 2860 exegit.
1150 2755 1368 2829 Adolescens
1385 2749 1564 2827 collacteis
1583 2767 1633 2824 ac

321 2882 451 2951 coaevis
474 2881 614 2962 summa
632 2879 795 2975 corporis
808 2877 973 2954 firmitate
989 2879 1192 2982 praestabat.
1254 2879 1429 2948 Caetemm
1446 2875 1633 2974 ingenium

321 2999 401 3095 ejus
419 2996 557 3071 crebrae
583 2995 794 3075 dotaverant
819 3007 946 3080 attes³.
1013 3003 1158 3102 Quippe
1181 2999 1403 3088 natationis⁴,
1429 3021 1533 3070 arcus
1560 3019 1634 3071 ce-

369 3291 754 3377 ¹HotderosAttiItJraecd
768 3297 815 3358 De
828 3313 865 3358 00
884 3295 944 3359 vid.
1005 3293 1161 3359 Thorlacii
1201 3293 1416 3377 antiquitatum
1460 3284 1634 3354 borealium

321 3419 411 3482 supra
428 3395 480 3458 lib.
496 3399 523 3459 ll
540 3419 571 3481 p.
595 3392 646 3460 82
1007 3398 1253 3466 observationum
1267 3397 1636 3480 miscellanear.8peo.lv

367 3506 521 3565 ²Poert'ttoe
525 3503 711 3590 procursum]
720 3501 752 3566 id
766 3517 822 3584 est,
829 3507 945 3590 primos
1005 3528 1037 3592 p.
1050 3502 1109 3568 211
1122 3525 1204 3590 sequ.
1211 3501 1389 3588 Engelstost
1399 3522 1451 3566 om
1466 3499 1525 3564 (len
1537 3499 1636 3580 Pffil,

320 3607 463 3692 pucritia
481 3629 583 3672 annos.
633 3611 677 3672 lta
699 3611 780 3674 enim
804 3610 943 3679 Valerius
1005 3609 1385 3677 OldtidensSlandiuaver
1401 3617 1479 3671 satta
1495 3625 1555 3691 psa
1570 3609 1635 3670 Le·

322 3713 465 3776 Maximus
488 3713 541 3776 lib.
562 3717 602 3776 lll
623 3733 688 3800 cap.
707 3713 764 3780 212
791 3721 857 3780 Nos
876 3723 944 3802 quia
1005 3717 1215 3802 gemmatam,
1230 3714 1263 3778 in
1278 3713 1353 3778 actia
1370 3713 1523 3777 societatis
1536 3715 1637 3776 &an-

315 3819 381 3900 jam
398 3823 483 3883 mitia
495 3843 708 3906 procursusque
728 3826 848 3885 virtuti}
855 3841 944 3910 pate·
1004 3822 1150 3888 dinatio&
1165 3819 1204 3884 ad
1221 3840 1333 3884 annum
1351 3816 1432 3884 18θῖ
1447 3839 1479 3904 p.
1494 3815 1536 3882 59
1547 3837 1635 3901 sequ.

313 3927 453 4012 fecimus,
483 3943 579 3992 adum
599 3933 691 4013 ipsum
714 3949 926 4015 prosequamur
932 3953 944 4000 ,·
1050 3925 1211 4006 4Ναὶαῑέο]
1225 3923 1352 3990 islandia
1361 3929 1512 4014 sandfoert'.
1528 3927 1636 4018 Quon-

323 4034 370 4096 vel
402 4033 505 4120 potius
533 4031 677 4096 candente
709 4043 853 4096 contextu
873 4051 945 4118 pm·
1003 4049 1114 4122 tepere
1129 4045 1245 4098 votam
1258 4033 1402 4097 noneste·
1423 4031 1481 4094 hac
1497 4041 1563 4094 nte
1577 4029 1636 4094 do·

321 4157 425 4202 curam
439 4138 579 4224 pueritie
596 4138 791 4224 intelligenda
809 4151 854 4202 est
881 4138 946 4224 ipsa
1008 4139 1112 4206 lectati
1126 4137 1249 4220 laedat,
1273 4137 1332 4202 vid.
1354 4138 1541 4222 Hristnimga
1564 4155 1636 4222 cap.

321 4245 450 4330 pueritia
481 4265 534 4309 seu
555 4247 654 4330 prima
678 4243 836 4308 hominum
865 4255 946 4308 atas.
1010 4247 1050 4312 to
1063 4272 1095 4333 p.
1108 4243 1164 4326 73,
1193 4249 1298 4316 Suom.
1313 4243 1392 4308 Hist.
1413 4259 1477 4329 reg.
1499 4247 1638 4328 Norvcg.

321 4353 425 4438 Neque
443 4351 523 4414 enim
539 4364 658 4436 partem
668 4350 808 4434 panitiae
822 4349 875 4412 aed
897 4361 945 4413 to·
1007 4352 1069 4417 v'ol.
1089 4356 1129 4416 111
1146 4375 1177 4438 p.
1200 4347 1263 4415 284
1280 4351 1313 4414 in
1332 4351 1460 4415 historia
1479 4349 1563 4434 regit
1583 4349 1638 4413 Si-

322 4469 385 4518 tam
399 4457 555 4521 Hotherua
576 4477 613 4520 ex
633 4469 736 4520 mente
751 4457 877 4520 Saxonis
888 4455 944 4518 sub
1008 4459 1097 4543 gurdi
1142 4459 1428 4542 Hierosolymipete
1468 4473 1536 4540 cap.
1581 4447 1638 4516 35.

323 4562 417 4624 tutela
433 4561 544 4628 Getari
557 4563 714 4647 transegit.
1007 4569 1155 4648 Exempla
1168 4563 1294 4649 insignis
1313 4563 1345 4626 in
1361 4559 1494 4626 natando
1511 4556 1638 4645 peritiae

369 4667 506 4732 'Crebra
524 4669 698 4731 dotaverunt
715 4665 809 4749 artes]
828 4671 876 4730 De
900 4690 948 4732 ar·
1008 4669 1069 4736 vid.
1082 4675 1160 4754 Saga
1182 4667 1272 4734 Olufs
1292 4675 1524 4754 Tryggtasonar
1538 4661 1639 4728 νοω

323 4771 404 4835 tibus
422 4773 577 4856 gymnicis,
592 4773 702 4857 quibus
724 4795 849 4858 magnus
868 4771 948 4857 apud
1010 4800 1040 4859 p.
1053 4773 1114 4838 269
1135 4794 1201 4858 cap.
1218 4770 1279 4836 935
1302 4787 1334 4838 et
1356 4775 1389 4837 in
1410 4771 1570 4836 historiola
1595 4769 1639 4832 de

324 4889 441 4940 veteres
454 4879 596 4940 Borealea
612 4879 750 4940 constitit
764 4879 874 4956 honor,
890 4861 948 4938 iid.
1008 4869 1159 4966 Hemingo
1173 4879 1325 4963 Sagabibl.
1343 4877 1436 4944 nolli
1449 4900 1478 4964 p.
1492 4871 1563 4940 360.
