3548 5470
644 342 938 414 euaristo,
1345 342 1389 415 l3

135 551 325 625 oacabm's
342 550 495 651 spectem
507 550 636 627 obtrita
646 553 742 626 calle
755 551 980 650 confuderat.
1016 553 1118 626 Unde
1130 553 1360 654 canspthanm
1373 573 1442 643 ost,

135 687 246 761 etiam
267 687 425 788 petrina
443 685 640 760 soltlll‘taas
661 687 777 760 roboas
797 687 938 762 cirita'na
959 687 1110 762 madore
1130 687 1352 790 coaptatas,
1377 705 1446 762 aot

135 821 295 895 sorrltbm
311 819 511 893 collumbae
520 835 590 892 ant
599 820 950 920 repromissorem
960 821 1195 896 instillatione
1207 849 1441 897 concrescere.

266 961 318 1027 Ar
335 955 509 1054 qnoniam
519 953 623 1054 regib
639 955 717 1028 lroec
731 957 901 1030 Svecrbm
918 957 1221 1057 Narragiamqne
1242 973 1318 1032 tarn
1341 958 1445 1031 vocis

136 1113 250 1190 qnam
271 1086 360 1160 saites
380 1088 585 1187 affim'tate1
608 1089 828 1190 coplectitnr,
851 1114 980 1164 earam
1004 1117 1156 1191 qnoque,
1185 1091 1277 1164 ss'cat
1296 1107 1333 1163 et
1352 1097 1441 1166 Da-

135 1224 223 1313 mbo,
247 1239 378 1324 partes
391 1247 439 1294 ac
451 1221 639 1296 clr'rnatans
653 1223 830 1296 cnwraba.
892 1229 985 1321 Quae
997 1224 1203 1326 provinciis
1227 1225 1442 1326 septentrio-

134 1357 218 1430 nali
225 1358 316 1459 pala
338 1355 505 1455 sabjecta
525 1363 740 1458 Bootcmqne
754 1371 791 1431 et
802 1361 939 1430 Arcton
953 1357 1203 1459 respicientes,
1231 1359 1442 1460 rpsrrnssri-
1517 1389 1519 1399 ·

132 1493 255 1591 gena's
271 1515 374 1566 zonoe
384 1491 607 1592 parallelum
626 1491 753 1564 nlabsa
773 1491 833 1562 sni
843 1495 1071 1594 porrectione
1093 1493 1308 1592 contingant
1313 1521 1330 1583 ,·
1355 1507 1445 1596 post

134 1614 230 1726 qais
247 1624 423 1698 boemanis
436 1625 577 1698 sedebas
591 1625 707 1698 locam
721 1624 900 1698 inusitata
918 1627 1058 1726 algoris
1075 1625 1221 1702 soevtn'c
1237 1643 1311 1700 non
1326 1629 1443 1700 relin-

136 1761 220 1858 quit
258 1765 318 1832 Ec
334 1759 461 1859 quibas
477 1758 673 1857 Not'ttagia
687 1757 799 1832 saxei
810 1759 898 1832 situs
911 1759 1176 1859 desornnlalern
1197 1776 1343 1833 natante
1357 1785 1444 1834 sor-

139 1895 204 1965 tita
225 1892 450 1982 dsscrrbnbe,
480 1891 627 1994 repobus
650 1892 866 1990 infoecunda
903 1919 951 1966 ac
973 1893 1127 1995 scopnls⁰s
1160 1893 1438 1996 nrtdrbnosecrts²

76 2027 79 2040 '
139 2029 252 2102 nala
260 2082 275 2117 ,
295 2027 485 2126 glebarum
504 2026 680 2100 vastitate
700 2027 817 2100 tristes
832 2025 990 2100 locorum
1013 2027 1179 2100 salebras
1198 2011 1444 2131 repraesentat.

138 2171 181 2235 ln
195 2164 301 2262 cnjus
312 2177 422 2264 parte
435 2177 572 2234 orama
589 2186 635 2232 ne
658 2177 764 2232 nocta
777 2160 932 2264 ¹qta'dem
953 2161 1122 2236 dsisrnnm
1144 2161 1243 2236 sidus
1256 2163 1444 2252 occultior,

139 2279 192 2368 iia
210 2313 253 2370 at
270 2295 436 2370 continui
451 2295 537 2368 solis
549 2277 753 2396 prasenn'a
771 2294 930 2369 alternos
945 2295 1119 2370 lsaroram
1138 2297 1341 2395 dedignata
1355 2323 1445 2370 snc-

139 2455 259 2504 cessas
281 2429 421 2530 ntn'qm
439 2428 690 2531 tenpoeipari
704 2427 850 2502 benonis
865 2429 1179 2504 adnainstraabne
1198 2431 1391 2506 &semeae

271 2564 328 2637 Ab
340 2563 448 2664 bajus
460 2565 573 2636 latere
587 2563 807 2638 occt'tltntali
828 2563 968 2653 insula,
981 2591 1063 2665 qna’
1080 2563 1258 2637 Glacialis
1272 2565 1445 2654 deorlnfl,

139 2724 276 2800 magno
290 2697 514 2797 circnnp‘nsa
528 2697 705 2799 reperitur
719 2723 873 2789 oceano,
883 2699 1067 2774 obsoasa⁴
1087 2697 1281 2789 αάηιοσίιιω
1289 2699 1443 2792 habita·-

184 2999 286 3058 ¹Tam¹
306 2997 385 3056 vocr’s
404 3015 489 3078 quan
511 2999 586 3054 sitos
605 2989 767 3078 affinitate]
820 2992 957 3058 schiohto
979 2992 1045 3060 113.
1063 2995 1095 3058 S.
1107 2991 1186 3074 210)
1207 2993 1332 3080 phrasin
1351 3013 1444 3078 snpra

139 3105 229 3165 Vocis
243 3099 278 3162 id
299 3111 346 3162 est
366 3101 481 3184 lingua.
534 3101 583 3161 De
612 3095 767 3162 affinitate
820 3099 944 3162 allatam
961 3099 1154 3182 interpretati
1168 3111 1240 3162 sunt
1256 3098 1293 3168 de
1308 3109 1389 3160 terra
1404 3097 1444 3162 ab

137 3207 310 3291 lingrarnm
330 3203 499 3268 borealium
513 3203 575 3268 rid.
590 3215 654 3266 not.
667 3203 716 3266 ub.
821 3203 1034 3288 antiquissimis
1054 3203 1125 3268 indo
1151 3203 1339 3289 temporibus
1359 3203 1445 3266 habi·
1513 3231 1518 3242 ·

184 3307 438 3396 2Πιιᾱίᾳιιωισιω)
456 3307 682 3396 Undiquesecus
704 3331 766 3372 nna
819 3319 892 3370 tata.
948 3309 1010 3372 Sed
1034 3310 1167 3394 primurn
1193 3329 1318 3374 monere
1345 3310 1446 3388 liceat,

137 3417 234 3482 rerba
264 3416 340 3482 dixit
362 3415 530 3481 Marcianus
558 3415 681 3500 Capella
714 3415 766 3479 lib.
822 3413 948 3497 phrasin
962 3413 1021 3476 hoo
1035 3427 1265 3478 sensusnmtsrn
1288 3433 1351 3478 esse
1372 3433 1444 3500 per-

136 3527 179 3588 Vl
196 3547 229 3608 p.
252 3519 329 3585 195:
350 3528 489 3608 Aerisqne
504 3525 614 3586 ltalt'tns
629 3524 766 3606 undique·
822 3539 912 3604 quam
928 3519 1159 3584 incommodam.
1185 3525 1290 3608 Neque
1305 3521 1387 3610 enim
1400 3533 1446 3584 te·

137 3641 219 3692 setus
230 3632 312 3691 rt'rca
325 3645 410 3692 terra
429 3633 582 3690 statnnsm
590 3629 723 3712 diffusus.
819 3623 898 3688 nitur
914 3637 1011 3704 terra,
1032 3647 1101 3711 quas
1114 3626 1153 3687 ab
1174 3625 1347 3690 hominibus
1361 3627 1446 3691 inea·

182 3737 310 3796 'Insula
324 3755 386 3818 quoe
395 3735 533 3818 glacialis
546 3727 656 3812 dictor]
673 3733 766 3796 lslsn·
822 3729 905 3810 titur,
927 3731 969 3794 ita
986 3745 1018 3796 ut
1032 3733 1151 3794 cultura
1169 3729 1311 3794 diuturna
1325 3731 1446 3794 obsole-

136 3837 218 3907 diam
241 3837 397 3922 intelligit.
457 3841 506 3905 De
529 3833 647 3921 origine
669 3839 766 3902 nomi·
819 3846 893 3898 scat.
929 3834 1048 3900 Deinde
1063 3857 1098 3901 ex
1119 3837 1176 3902 hae
1191 3838 1445 3924 interpretatione

137 3945 186 4006 nis
200 3942 264 4007 vid.
283 3956 348 4006 not.
368 3943 418 4006 ub.
551 3963 555 3972 ’
819 3943 931 4006 saxoni
960 3941 1121 4008 tribuimus
1146 3944 1328 4039 septentiam
1354 3942 1447 4028 plane

152 4128 155 4134 1
182 4049 767 4114 ⁴Olsoletaeadrnodumlabt'tationittel·
820 4043 935 4110 salsam.
956 4049 1035 4112 Satis
1050 4051 1131 4114 enim
1147 4062 1276 4130 constat,
1285 4045 1446 4113 islandiam

136 4153 196 4237 lea]
218 4153 344 4228 Phrasjs
367 4165 398 4216 et
421 4152 549 4217 obscura
564 4167 595 4218 et
616 4154 765 4242 ambigua.
821 4151 955 4216 omnium
982 4156 1141 4240 regionum
1176 4154 1343 4220 borealium
1374 4151 1446 4214 ulti-

135 4259 299 4324 Habitatio
316 4271 362 4322 est
376 4261 426 4322 rol
440 4271 524 4322 actus
545 4259 701 4324 habitandi
716 4261 765 4326 rel
821 4280 901 4324 marn
935 4257 1026 4326 fuisso
1058 4261 1242 4338 habitatam,
1269 4257 1443 4354 naeniaque

135 4365 338 4458 domicilium.¹
365 4362 511 4428 Obsoleta
531 4363 766 4455 dicuntu1·,qun
821 4384 904 4429 nono
944 4381 1090 4446 exeunte,
1132 4377 1279 4453 regnanto
1307 4361 1445 4428 naratio

134 4472 232 4556 longo
265 4467 570 4550 mulctaremur,
614 4471 708 4556 igitur
735 4485 768 4539 et
822 4469 1056 4552 Pulchriaomo‚
1073 4472 1189 4538 incolas
1206 4489 1277 4536 snos
1298 4471 1446 4533 eNorre-

133 4576 320 4662 perantiqua
347 4586 378 4636 et
399 4575 544 4660 squalida.
597 4577 680 4644 Hino
699 4580 769 4664 plu·
821 4576 871 4662 gia
893 4575 1052 4662 accepisse.
1098 4578 1159 4648 Vix
1182 4590 1283 4642 antem
1301 4596 1351 4640 ros
1370 4574 1447 4640 adeo

133 4702 182 4744 res
205 4679 284 4760 (vit
306 4680 486 4766 Arngrimus
510 4686 598 4746 Jonae
625 4684 657 4746 in
687 4683 768 4747 notis
822 4696 895 4746 nota
908 4685 1056 4748 Saxonem
1068 4685 1165 4750 multa
1187 4701 1258 4748 oum¹
1271 4681 1447 4752 horninibus

20 4831 21 4856 s
136 4784 301 4872 stephanii
321 4782 362 4847 ad
392 4787 427 4866 b.¹
445 4791 484 4870 1.,
512 4787 666 4856 Dahlman
691 4793 769 4855 For·
822 4788 948 4854 lslandis
963 4787 1107 4856 de'rehas
1122 4790 1271 4876 majorum
1286 4789 1379 4876 gestis
1400 4788 1447 4850 la·

135 4893 296 5009 sphan
323 4889 381 4954 aut
397 4893 467 4992 lem
483 4893 612 4958 Gohiete
634 4895 690 4960 der
709 4897 769 4960 Ge·
822 4906 928 4960 entnrn
947 4895 1055 4983 sugero
1079 4909 1211 4981 poterat.
1267 4894 1376 4956 Potius
1391 4891 1447 4954 ita·

270 5264 289 5303 9
330 5287 333 5300 .
