3446 5458
628 327 920 402 assantibus
1304 333 1389 406 tas.

111 539 208 608 tisset
225 533 411 626 hostilem,
437 535 620 610 recreandi
639 541 801 636 corporis
824 545 937 638 gratia
964 545 1150 638 proprium
1175 537 1311 614 casside
1333 565 1423 614 cru-

109 681 211 732 orem
242 661 384 757 excepit
423 657 734 758 hauriendamque
767 666 820 733 ori
846 661 1011 758 praebuit.
1073 667 1156 754 Quo
1188 653 1284 734 laeto
1314 687 1422 736 rece-

109 796 214 878 ptum
241 806 262 852 a
289 805 375 881 rege
406 785 600 856 craterem¹
635 784 895 880 speciosissime
918 791 1090 882 pensavit.
1163 781 1270 878 Quod
1297 783 1422 858 videns

109 903 204 976 sorte
222 903 449 978 Vermundas
473 905 667 1002 impensius
692 929 776 977 eum
805 919 960 1001 peractae
986 908 1229 1003 promissionis
1256 903 1422 980 laudavit.

110 1026 179 1098 Cui
193 1024 308 1098 Folco
324 1033 487 1125 speciosa
504 1043 586 1102 vota
608 1023 654 1098 ad
676 1022 838 1099 debitum
857 1025 965 1098 finem
990 999 1221 1128 perducenda
1230 1027 1422 1128 respondit.

110 1148 192 1238 Qua
218 1171 310 1220 voce
331 1172 404 1220 nou
427 1152 601 1223 minorem
626 1147 707 1221 sacti
736 1147 1160 1222 sutcommendattonem
1191 1174 1301 1247 quam
1328 1151 1422 1223 Ver-

111 1265 273 1344 mundus
287 1269 458 1344 exhibuit.
542 1355 546 1366 ¹
1152 1265 1154 1269 ⁸

247 1398 415 1492 Cumque
443 1397 614 1482 victores,
641 1407 679 1466 ut
697 1409 780 1492 post
796 1391 959 1491 praelium
981 1393 1034 1485 fit,
1058 1393 1229 1492 depositis
1251 1399 1358 1466 armis
1380 1419 1421 1466 ac

109 1517 338 1613 quiescentes
362 1517 648 1588 variisinvicem
681 1515 909 1590 sermonibus
931 1529 1124 1602 uterentur,
1149 1515 1421 1590 slesvicensium

109 1637 305 1734 praefectus
320 1639 424 1726 Keto,
459 1661 598 1736 magnes
613 1635 679 1712 sihi
698 1636 943 1710 admirationi²
962 1661 1039 1710 esse
1054 1637 1271 1735 praedicavit,
1298 1635 1422 1735 quali-

110 1777 166 1834 ter
183 1758 346 1834 Athislus
364 1758 500 1832 crebris
525 1757 751 1834 obstantibus
777 1764 894 1834 causis
903 1757 1107 1858 *elapsionis
1131 1761 1274 1858 copiam
1300 1762 1422 1856 impe-

110 1883 277 1972 traverit,
302 1885 499 1978 prasertim
516 1907 600 1954 eum
614 1883 644 1954 is
661 1868 743 1956 ante
759 1906 884 1964 omnes
899 1881 996 1954 bella
1010 1883 1157 1980 gesserit
1181 1885 1331 1980 primam,
1357 1881 1421 1954 iu-

108 2031 156 2104 ga
172 2029 261 2078 vero
275 2017 479 2103 postremus
498 2006 695 2093 incesserit,
719 2027 786 2077 nec
807 2003 897 2078 alius
915 2006 1094 2102 quispiam
1110 2029 1153 2076 ex
1171 2001 1336 2078 hostibus
1356 2003 1421 2075 fu-

111 2130 189 2215 erit,
214 2126 322 2223 cujus
336 2129 442 2199 tantis
464 2127 650 2202 Dauorum
665 2125 792 2202 studiis
816 2125 1039 2198 affectaretur
1060 2149 1219 2200 occasus.
1273 2124 1328 2198 Ad
1343 2123 1421 2198 haec

110 2235 354 2334 Vermundus,
378 2267 484 2323 nosse
500 2273 583 2322 eum
597 2264 764 2348 oportere
778 2247 917 2346 ajebat,
943 2271 1084 2320 omnem
1108 2248 1288 2322 bellorum
1309 2251 1421 2322 aciem

109 2370 333 2472 quadrifaria
360 2370 604 2446 dimicantium
636 2373 805 2446 varietate
830 2369 1006 2470 distingui.
1087 2374 1175 2442 Esse
1198 2378 1291 2442 enim
1314 2372 1420 2468 primi

109 2499 253 2594 generis
279 2492 487 2584 bellatores,
520 2479 595 2593 qui,
610 2491 852 2566 tortitudinem
876 2490 1049 2565 modestia
1066 2507 1322 2589 temperantes,
1358 2517 1421 2565 re-

110 2614 228 2690 belles
245 2621 362 2692 acrius
376 2615 525 2707 caedant,
551 2614 769 2715 fugientibus
782 2619 912 2690 instare
925 2615 1149 2688 erubescant.
1209 2617 1285 2690 llos
1301 2617 1420 2714 siqui-

109 2738 197 2812 dem
212 2741 329 2830 esse³,
353 2765 448 2838 quos
472 2738 642 2814 diuturna
665 2762 848 2812 armorum
876 2742 1089 2836 experientia
1113 2740 1262 2810 certiore
1284 2739 1421 2810 virtutis

109 2868 314 2936 mamonis
339 2879 595 2962 prosequatur,
628 2861 765 2959 quique
788 2859 939 2959 gloriam
961 2884 1063 2954 suam
1092 2885 1165 2934 non
1186 2866 1222 2932 in
1246 2860 1420 2934 victorum

109 2985 209 3083 iuga,
227 2981 294 3058 scd
311 2982 568 3058 vincendorum
584 2985 846 3084 expugnatione
860 2985 1085 3056 constituant.
1145 2987 1232 3056 Esse
1248 2982 1421 3080 praelian-

109 3110 197 3182 tium
214 3122 251 3179 et
270 3104 366 3180 aliud
382 3131 506 3205 genus,
523 3107 587 3204 qui
603 3106 765 3204 corporis
783 3108 964 3204 animique
979 3107 1115 3181 viribus
1136 3106 1225 3196 lreti,
1243 3104 1308 3178 sed
1324 3105 1421 3178 nulla

108 3231 345 3304 miserationis
369 3244 471 3326 parte
497 3227 657 3327 praediti,
683 3229 719 3300 in
742 3225 899 3304 hostiurn
926 3244 999 3302 tam
1019 3245 1118 3328 terga
1144 3253 1253 3327 quam
1276 3245 1422 3326 pectora

109 3353 296 3426 communi
317 3350 425 3424 caedis
452 3355 635 3426 atrocitate
658 3351 860 3424 desaeviant.
920 3349 1026 3424 Tales
1051 3356 1190 3450 quippe
1216 3375 1311 3442 esse,
1346 3358 1422 3450 qui,

106 3473 277 3574 juvenilis
301 3476 409 3546 animi
426 3473 544 3548 calore
567 3475 739 3572 provecti,
764 3474 912 3546 tirocinii
929 3471 1130 3546 rudimenta
1153 3473 1332 3548 bellorum
1350 3499 1421 3548 au-

107 3603 230 3697 spiciis
247 3619 373 3672 ornare
389 3595 621 3691 contendant,
645 3622 814 3696 quosque
830 3612 903 3668 tarn
920 3601 1032 3669 aetatis
1049 3621 1157 3695 quam
1182 3595 1299 3670 laudis
1315 3596 1424 3671 ardor

105 3719 305 3813 inflammet
353 3721 464 3816 inque
490 3727 545 3793 ias
579 3737 614 3795 et
636 3721 738 3794 nefas
762 3719 841 3817 pari
874 3723 972 3792 nisus
1001 3725 1190 3794 securitate
1212 3727 1422 3824 praecipitet.

106 3847 198 3918 Esse
214 3846 321 3916 etiam
338 3846 469 3930 tertios,
495 3843 630 3940 quibus
644 3849 735 3916 inter
756 3857 892 3916 metum
917 3841 1170 3942 pudoremque
1196 3851 1308 3920 anxiis
1329 3873 1423 3946 liro-

105 3989 274 4065 gressom
289 3979 402 4038 terror
417 3963 568 4057 adimat,
603 3987 786 4039 recursum
815 3965 955 4038 ruboris
973 3963 1201 4040 obstaculum
1217 3968 1336 4060 tollat,
1356 3971 1420 4066 qni

105 4091 283 4188 sanguine
308 4085 396 4160 clari
416 4091 583 4188 inanique
608 4105 745 4162 tantum
769 4089 980 4187 proceritate
999 4090 1182 4188 conspicui
1209 4092 1321 4164 aciem
1345 4115 1419 4162 nu-

775 4213 792 4249 .
835 4195 855 4240 ο

155 4371 342 4457 'Receptum
366 4395 385 4434 u
419 4395 486 4456 rege
513 4367 667 4451 craterem]
693 4355 737 4434 ltai
798 4367 840 4432 ita
854 4365 1011 4452 legebatur
1028 4368 1227 4434 editionibus:
1247 4373 1313 4431 Hos
1334 4373 1423 4454 siqui-

103 4471 271 4560 logendum
286 4475 358 4538 duxi
369 4496 430 4562 pro
443 4501 586 4553 cruorem,
607 4475 692 4564 quoti
707 4476 738 4538 in
798 4476 875 4546 dem,
894 4497 965 4558 quaa
983 4475 1123 4538 dricturae
1145 4494 1199 4540 etc.
1248 4472 1309 4540 Sed
1326 4475 1423 4538 omni-

102 4592 180 4646 aute
201 4582 315 4647 excusis
334 4595 408 4648 erat.
467 4587 617 4650 Craterum
636 4580 668 4646 id
691 4594 738 4646 ost
795 4599 837 4642 no
851 4577 1020 4664 supplenda
1033 4581 1134 4644 oratio
1148 4595 1215 4648 erat
1229 4579 1335 4648 addito
1349 4607 1422 4655 esse,

103 4686 254 4769 poculum
270 4709 287 4750 a
302 4708 376 4773 rege
390 4687 543 4756 donatum.
566 4688 617 4770 (S)
795 4705 864 4770 quae
891 4683 1027 4774 alioquin
1056 4684 1250 4759 obscuritatis
1282 4688 1420 4765 nonnihil

79 4871 83 4880 ι
150 4793 384 4878 ’Adrm'rationi]
397 4795 454 4860 Ed.
464 4819 512 4881 pr.
524 4797 737 4862 adspirationis.
795 4789 1000 4858 coercuisset.
1020 4789 1070 4876 (S)

154 4899 242 4964 'Hos
260 4903 402 4984 siquidem
428 4902 502 4986 esse]
522 4909 556 4968 lu
582 4897 735 4986 prioribus
