3548 5470
353 311 401 380 20
810 305 1113 376 Panemo.

263 535 283 566 ³
304 533 489 594 testantur.
544 514 652 618 Quod
664 515 792 616 siquis
807 515 1090 590 vimonstruosa
1102 527 1299 616 patratum
1315 511 1496 612 arrigat,
1519 535 1615 610 quo-

302 653 461 728 randam
475 650 651 724 mannam
666 651 812 724 eecelsa
828 648 1021 752 suspiciat,
1026 649 1213 751 dicatam,
1221 649 1258 722 si
1267 649 1392 737 callet,
1403 647 1484 748 qra's
1494 669 1618 718 eoram

302 786 495 862 verticibus
508 800 634 858 cauas
648 801 762 858 tanta
774 784 1002 886 granditatis
1016 784 1206 858 invenerit.
1260 782 1491 886 Inopinabile
1501 807 1617 854 nans-
1693 771 1697 776 ⁴

301 949 370 1024 qae
387 920 509 1023 metiris
524 920 698 994 miraculi
709 919 816 1019 liujus
831 919 1031 994 aestimator
1043 919 1329 1009 animadvertet,
1353 935 1393 992 at
1406 917 1535 992 molem
1552 940 1618 986 su-

297 1082 367 1162 per
380 1057 498 1166 plano
512 1055 660 1128 nv'tu'me
674 1055 735 1128 vel
747 1053 900 1153 difficile
916 1051 1080 1132 mobriem
1094 1053 1135 1126 in
1151 1069 1292 1128 tantam
1307 1068 1493 1128 montana
1503 1049 1617 1122 sabli-

302 1191 440 1262 nu'tatis
460 1189 602 1290 apicem
624 1188 778 1290 sinquee
799 1187 1036 1260 mortalitatis
1056 1187 1160 1262 labor
1200 1206 1268 1262 aut
1288 1189 1444 1262 usitatas
1466 1185 1623 1260 Ιιιιιιιαηί

302 1323 442 1398 roboris
457 1340 609 1396 conatus
623 1320 799 1396 esurierit.
837 1327 963 1394 Utrum
976 1348 1065 1395 vero
1078 1321 1207 1396 taleam
1220 1349 1342 1396 reram
1359 1339 1526 1396 auctores
1534 1337 1622 1424 post

302 1457 491 1530 diluvialis
503 1457 754 1530 mandationis
766 1461 976 1530 excursum¹
987 1456 1162 1556 gigantes
1172 1457 1370 1548 extiterint,
1387 1459 1520 1530 anviri
1532 1481 1619 1529 eor-

299 1591 402 1694 poris
419 1593 555 1666 viribus
572 1605 658 1663 ante
674 1591 767 1664 altos
776 1592 940 1692 prenditi,
960 1620 1100 1696 param
1116 1592 1254 1666 note‘tr'etr
1276 1591 1458 1664 tradebem.
1514 1590 1622 1664 Tali-

303 1727 383 1816 bas,
408 1744 448 1799 ut
463 1724 581 1800 nostri
596 1741 804 1816 autumant,
830 1728 985 1802 subitam
1000 1728 1281 1827 na'randnmque
1296 1751 1393 1798 nunc
1400 1725 1622 1829 propinqui·

306 1862 395 1934 tatis
421 1887 518 1934 nanc
536 1859 711 1932 absentiae
720 1879 952 1962 potestatem,
977 1862 1283 1966 conquerendique
1297 1885 1345 1932 ac
1358 1858 1626 1932 subterlabenels'

306 1994 589 2068 vicissitudinem
612 1995 758 2069 versilis
780 2022 971 2100 eorporam
993 2015 1109 2070 statas
1133 1997 1319 2095 rndtdget,
1354 1993 1423 2095 qai
1449 1993 1621 2093 hodieque

306 2155 498 2232 scrupeam
512 2129 811 2232 inaccessumque
824 2132 1064 2220 solitudinem,
1078 2133 1181 2232 cujas
1202 2157 1315 2232 supra
1329 2128 1542 2202 mentionem
1548 2127 1623 2224 fe-

307 2265 461 2356 emma,
488 2265 644 2339 incolere
650 2266 892 2368 perhibentur.
943 2267 1115 2367 &aedem
1130 2265 1268 2355 adr'tus,
1287 2263 1463 2340 horrendi
1478 2287 1623 2363 generes

303 2383 477 2502 pericula
490 2399 640 2492 obsitas,
661 2427 751 2477 raro
763 2401 1079 2504 sm'ecpcrtoribus
1094 2400 1377 2474 incolumitatem
1397 2423 1623 2498 regressam-

188 2549 194 2556 '
308 2561 376 2636 que
390 2536 572 2609 concessit.
625 2541 733 2610 Nunc
751 2536 871 2610 stilum
886 2535 1170 2640 adpropositum
1186 2534 1447 2633 tran.sferam³.

308 2719 372 2782 sive
415 2720 537 2784 lotunis
579 2720 709 2782 esurum
754 2718 942 2784 sdvetaariis.
996 2717 1624 2806 974:Atqueatsnampcstdr'lavt'alisinnn-

308 2825 388 2888 Saxo
414 2838 516 2888 autem
540 2825 602 2887 suis
623 2823 796 2910 gigantibus
822 2827 942 2891 easdem
998 2829 1127 2891 dationis
1144 2847 1293 2890 excursam
1321 2825 1554 2904 Athenaramqve
1576 2845 1625 2880 ar-

309 2943 389 2992 setes
422 2929 602 3014 easdemqee
637 2928 840 3009 habitationes
854 2961 857 2970 ·
871 2935 943 2996 assi·
999 2935 1058 2996 bem
1093 2937 1183 3016 longa
1212 2930 1426 3016 intercapedine
1461 2931 1625 2990 restitutam

308 3045 393 3120 gast,
411 3055 484 3118 qvas
498 3035 619 3098 Jotunis
634 3035 765 3099 tributas
775 3034 867 3102 fuisse
880 3039 943 3102 Eti-
998 3041 1085 3102 nulla
1108 3063 1152 3100 me
1176 3043 1205 3098 in
1224 3039 1338 3097 Gracia
1360 3051 1512 3096 terrestres
1532 3033 1625 3094 illece-

309 3139 347 3200 tla
361 3139 567 3232 &omniane
583 3139 684 3204 docet.
718 3145 845 3206 Constat
862 3145 943 3210 enim
997 3147 1055 3208 bra
1068 3149 1276 3228 cognovissent.
1291 3137 1339 3221 (S)

311 3261 346 3303 ex
370 3239 481 3306 itinere
511 3244 608 3307 Thori
639 3244 678 3308 ad
714 3246 943 3312 Jotunheimum
1042 3253 1158 3333 ²Cajas
1182 3273 1272 3334 snpra
1297 3250 1466 3307 mentionem
1482 3239 1625 3329 fetemus]

312 3345 415 3426 (Eride
447 3351 611 3414 Snorronis
647 3345 867 3438 Gylfegiiming
895 3353 942 3418 ed.
995 3357 1112 3440 Pagina
1127 3353 1270 3416 nimirum
1294 3341 1335 3412 18
1354 3349 1406 3411 his
1430 3347 1545 3410 verbis:
1567 3353 1626 3410 Ea·

309 3453 391 3516 Resb
411 3475 481 3540 pag.
501 3453 543 3519 50
565 3456 674 3542 teiln),
699 3461 829 3522 Jotunos
858 3459 944 3544 peti·
997 3463 1060 3525 dem
1089 3489 1109 3525 a
1142 3463 1336 3548 septentrione
1362 3461 1505 3539 regionem
1533 3459 1627 3536 ignote

312 3559 443 3642 tissimus
464 3559 586 3626 habitos
611 3560 703 3626 fuisse
727 3563 942 3629 incantatores.
997 3573 1071 3630 situs
1099 3593 1134 3630 ae
1161 3569 1283 3627 nomenis
1310 3567 1452 3632 tntaetur,
1473 3577 1568 3642 usqve
1589 3557 1627 3620 ad

309 3667 390 3729 Saxo
415 3679 565 3750 peteteret
595 3671 733 3756 gigantes
755 3682 868 3734 terram
890 3694 942 3734 ru·
997 3672 1049 3734 illa
1077 3671 1184 3736 rerba:
1204 3674 1364 3758 perpaucis
1383 3690 1447 3730 eam
1464 3665 1644 3748 ingredia·

311 3769 401 3855 pibus
423 3771 580 3837 horridam
596 3788 628 3839 et
643 3777 825 3839 inaccessam
843 3776 941 3839 adhue
999 3781 1074 3842 tiltas
1090 3781 1247 3841 salutarem
1264 3778 1387 3838 reditum
1403 3772 1514 3834 tribuit.

311 3877 447 3942 incolere
461 3879 621 3966 perhibet,
643 3881 729 3966 cujus
751 3895 839 3944 antea
862 3881 943 3946 feee-
1044 3889 1154 3946 ³Nune
1170 3884 1269 3944 stilum
1283 3883 1514 3966 adpropositum
1531 3895 1628 3938 trans-

312 3983 570 4062 immansionem,
593 3987 709 4050 scilicet
731 4001 845 4050 terram
862 3991 942 4070 ultra
990 3987 1106 4078 seram]
1135 3986 1279 4050 normula
1311 3995 1383 4070 post
1410 3973 1628 4068 digressionem

312 4091 491 4165 cecanum
514 4091 640 4178 regione
658 4094 820 4178 Norregiae
844 4095 942 4174 sitam,
998 4091 1419 4176 revertendicdpropositum
1432 4087 1627 4151 noninvenu-

312 4221 371 4282 qva
403 4212 515 4262 terram
545 4202 729 4262 Jotunorum
759 4199 791 4260 in
832 4197 943 4262 fabulis
997 4216 1055 4280 sta,
1074 4197 1171 4285 qvalis
1186 4210 1231 4260 est
1253 4197 1306 4259 illa
1326 4194 1425 4258 Taciti
1440 4191 1494 4256 lib.
1511 4195 1546 4254 Il.
1573 4188 1628 4254 Hi-

313 4305 444 4389 antiqvis
464 4304 654 4369 decantatam
676 4302 832 4388 indigitari
852 4327 943 4390 supra
1000 4323 1074 4374 star.
1086 4302 1143 4369 38:
1162 4305 1222 4368 Sed
1236 4328 1280 4365 me
1295 4302 1629 4386 mtemm]mmramq1a

314 4411 493 4474 monuimus.
1001 4439 1112 4478 moram
1131 4415 1277 4499 reputatio
1298 4411 1415 4494 longius
1435 4409 1511 4469 tulit.
1542 4409 1629 4472 Nam

363 4517 456 4576 ¹Post
470 4519 619 4582 diluvialis
632 4521 832 4582 inundationis
844 4543 946 4582 escar-
1002 4523 1153 4586 adrerum
1171 4518 1299 4582 ordiam
1312 4520 1403 4580 venio.
1417 4505 1475 4592 (S)
1560 4590 1567 4605 ⁵

315 4615 392 4698 a...]
415 4605 583 4688 namatus
604 4625 729 4709 capena
753 4625 805 4688 tis.
822 4627 899 4690 vm.
916 4648 947 4712 p.

768 4864 774 4870 -
791 4851 1197 4876 ...m-...-
