3446 5458
619 317 805 394 FllOTHO
831 323 885 394 lll.
1291 329 1362 400 205

105 535 225 629 ltaque
253 556 324 625 res,
339 529 505 630 supplicii
519 531 757 606 necessitatem
775 527 953 602 admittere
967 531 1139 624 monitus,
1160 533 1331 610 Colorrrrn
1350 536 1410 610 la-

103 679 196 751 queo
215 655 376 727 consumi
395 655 561 751 permisit.

231 775 371 850 Deinde
388 774 520 848 Frotho
533 775 677 848 Erioum
698 769 831 872 alloqui
847 771 897 846 sic
911 799 1015 848 orsus
1033 792 1100 848 est:
1125 777 1201 869 Tu,
1229 779 1291 878 qui
1322 782 1409 852 r·er-'

104 899 233 972 bornm
253 899 346 972 fastu
360 925 402 970 ae
419 896 611 995 phaleratae
631 897 727 970 voco
742 899 970 968 ostentatione
986 895 1141 992 lassiais,
1169 899 1261 974 unde
1283 899 1354 976 huc
1378 919 1410 975 te

103 1041 161 1094 aut
189 1047 253 1094 eur
278 1019 484 1095 adventasse
506 1021 791 1092 commemoras?
823 1017 878 1090 ml
901 1015 980 1092 lraec
1003 1023 1145 1094 Ericus:
1173 1027 1408 1098 ARennesti¹

104 1142 228 1240 prodii,
246 1141 443 1240 sedemque
461 1141 561 1240 apud
576 1140 732 1239 lapidem
750 1145 863 1244 eopi2.
917 1143 1046 1214 Contra
1064 1141 1216 1217 Frothoa
1243 1149 1324 1240 Quo
1342 1145 1411 1218 de—

104 1265 182 1338 inde
200 1265 545 1362 concesserisrogo.
606 1266 673 1335 Cui
701 1265 842 1336 Ericus:
868 1264 1000 1338 Dia-eni
1030 1289 1052 1336 a
1077 1264 1194 1362 lapide
1220 1265 1320 1340 trabe
1344 1295 1410 1341 ve·-

104 1407 188 1480 etus,
209 1385 473 1484 identidemque
496 1383 596 1482 apud
622 1385 775 1484 lapidem
799 1383 920 1458 locum
941 1387 1028 1483 cepi.
1080 1387 1137 1460 ad
1159 1386 1237 1462 haec
1259 1389 1411 1464 Frothoe

104 1507 387 1603 Quorsuminde
405 1519 550 1580 cursum
559 1506 739 1598 direxeris,
756 1526 816 1580 aut
833 1508 897 1578 ubi
915 1525 949 1580 te
968 1533 1096 1605 vesper
1113 1513 1294 1610 exceperit,
1303 1539 1411 1612 quae-

105 1659 152 1706 so.
210 1635 305 1704 Tum
328 1631 473 1708 Ericusa
499 1629 682 1704 Profectus
705 1655 726 1702 a
753 1645 850 1728 petra
877 1628 925 1702 ad
942 1655 1066 1702 saxeam
1082 1635 1239 1729 perveni,
1257 1637 1411 1735 itemque
1458 1697 1462 1708 .

104 1755 199 1852 apud
228 1753 384 1852 lapidem
403 1753 523 1825 cubui.
583 1755 649 1824 Cui
665 1752 818 1826 Froth0:
848 1752 983 1824 Creber
1008 1749 1077 1825 illic
1100 1758 1256 1829 cautium
1280 1783 1412 1830 nume-

104 1903 161 1948 rus
178 1891 262 1948 erat.
317 1874 373 1946 ld
397 1873 476 1948 haec
498 1877 640 1948 Ericus:
668 1874 837 1946 Crebrior
863 1899 969 1946 arena
985 1893 1142 1972 patenter
1162 1881 1411 1978 conspicitur³.

104 2003 230 2072 Contra
250 1997 402 2071 Frotho:
429 1997 523 2090 Quid
552 1996 614 2068 tibi
631 1998 760 2096 negotii
789 1981 907 2086 luerit,
933 2014 995 2070 aut
1019 2007 1192 2095 eprorsrun
1220 2001 1316 2074 illinc
1340 2003 1409 2076 de-

107 2124 296 2211 clinavero,
315 2121 416 2192 refer.
470 2123 561 2190 Turn
581 2122 726 2193 Ericus:
747 2119 924 2191 Profectus
941 2145 960 2190 a
975 2137 1076 2216 petra
1097 2121 1306 2220 delphinum
1322 2151 1410 2197 erar*
1435 2109 1439 2122 ’

106 2249 221 2318 sitente
239 2245 380 2342 navigio
398 2243 511 2340 reperi
517 2245 547 2310 ⁴.
596 2243 663 2312 Cui
679 2241 831 2314 Frotho:
855 2245 934 2314 Jam
950 2269 1042 2315 nova
1059 2247 1273 2343 prompsisti,
1288 2271 1410 2344 quan-

107 2393 211 2466 quam
229 2383 424 2464 utrumque
440 2363 571 2446 horum
596 2365 629 2435 in
654 2369 740 2438 mari
769 2365 934 2462 frequens
957 2366 1016 2460 sit;
1033 2365 1096 2438 sed
1112 2364 1237 2457 velim,
1266 2373 1347 2468 quis
1378 2387 1413 2442 te

147 2655 316 2742 'chnesetJ
348 2661 446 2723 insula
480 2658 570 2745 hujus
596 2661 728 2724 nominis
831 2662 988 2724 'crebrior
1010 2685 1100 2724 arena
1117 2677 1257 2748 patenter
1272 2663 1411 2748 conspici·

108 2781 199 2832 exstat
222 2767 254 2830 in
278 2761 372 2847 freto,
394 2765 477 2852 quod
501 2767 728 2854 astarangria,
785 2764 849 2847 tur]
865 2765 1056 2832 Observante
1069 2787 1159 2852 rege,
1187 2764 1322 2846 Emeum,
1339 2787 1411 2829 con-

107 2877 225 2938 ein'tate
234 2875 406 2958 Norregiar,
421 2895 531 2937 nomen
539 2875 640 2952 traxit,
654 2896 728 2958 pro-

107 2981 259 3067 pelmtnm
268 2978 633 3060 Bnehease(rid.'1¹orlaei
647 2982 727 3044 Hist.

106 3091 231 3173 Norreg.
253 3087 315 3150 rol.
335 3093 352 3148 1
376 3109 407 3172 p.
429 3081 509 3164 345,
537 3085 628 3150 straet
648 3091 728 3151 Nor-

106 3213 155 3278 ges
168 3192 355 3260 Besltrirelse
370 3191 433 3255 vol.
456 3194 500 3260 IV
514 3214 546 3276 p.
565 3189 651 3272 221.)
693 3195 728 3254 ln

106 3300 160 3362 hac
174 3300 269 3362 insula
276 3295 417 3383 planities
431 3295 562 3362 stadium
570 3297 650 3382 regis
659 3297 728 3362 Eri·

106 3404 239 3470 eiatlhuo
261 3405 444 3468 nominatur.
490 3402 551 3469 Sed
564 3403 728 3490 antiquitas

105 3510 190 3593 hujus
206 3511 420 3598 appellationis
432 3512 523 3596 plane
540 3506 655 3573 ineerta
672 3521 728 3573 est.

106 3617 197 3680 Paulo
212 3615 294 3680 infra
313 3618 432 3681 Frotho
453 3613 491 3680 ad
504 3613 631 3679 eandem
648 3614 728 3678 iusu-

107 3723 165 3785 lam
183 3725 325 3809 appulsus
345 3723 464 3788 dieitur.
518 3721 624 3786 Editio
643 3723 729 3812 prin-

107 3831 270 3915 cepehabet
280 3835 438 3904 Reoneseo,
454 3827 729 3894 manifestumne

109 3936 296 4022 typographi.

154 4047 328 4129 ²Sedemqtee
339 4045 422 4132 apud
430 4047 554 4132 lapidem
569 4041 647 4131 cept]
655 4045 724 4107 Col·

108 4147 236 4233 loquium
255 4149 351 4214 hoece
372 4142 728 4234 anigmatieum'simili-

108 4254 237 4320 tudinem
249 4255 342 4320 habet
356 4275 424 4318 cum
440 4277 488 4334 eo,
503 4254 586 4340 quod
606 4257 729 4320 annales

111 4361 298 4426 Fsmmenses
318 4361 483 4448 perhibent
501 4381 621 4426 serrum
640 4362 729 4426 Suio-

784 2875 872 2938 tinuo
889 2872 927 2936 de
942 2871 1091 2957 lapidibus
1100 2875 1285 2959 loquentem,
1302 2871 1412 2958 indigi·

784 2991 863 3044 tasse
876 2980 1048 3065 regionem,
1078 3001 1148 3066 epm
1160 2981 1239 3044 saxis
1254 2993 1332 3044 esset
1346 2981 1413 3066 ple·

785 3109 842 3165 na,
866 3086 1033 3172 respondet
1052 3087 1114 3166 ille,
1132 3087 1281 3171 majorem
1301 3083 1412 3162 adhue,

785 3193 901 3258 seilicet
915 3193 947 3256 ia
969 3193 1027 3256 alia
1050 3192 1195 3279 regione,
1224 3213 1288 3258 esse
1311 3213 1412 3257 arene

784 3299 1048 3386 copiaminnuens
1056 3296 1185 3364 fortasse
1194 3296 1413 3362 hoedictodis-

788 3408 903 3472 crimen
923 3408 1004 3472 iuter
1020 3405 1126 3470 littora
1147 3405 1263 3486 Daniaeg
1280 3417 1311 3468 st
1333 3408 1413 3469 Nor·

788 3515 895 3600 regiae,
915 3534 1046 3600 quorum
1059 3511 1126 3575 haec
1143 3511 1220 3575 saxis
1233 3509 1413 3597 rigentibus,

786 3622 839 3684 illa
860 3641 960 3683 arenas
978 3619 1059 3683 mole
1084 3619 1257 3704 cinguntur·
1314 3621 1413 3686 Cate-

786 3749 854 3789 rnm
866 3726 1020 3812 triplicem
1034 3723 1066 3788 in
1080 3724 1325 3812 responsisEn'oi
1342 3747 1413 3812 per·
1443 3761 1458 3782 .-

784 3833 963 3896 allelismam
980 3829 1142 3896 observare
1164 3833 1237 3896 lieet
1251 3834 1332 3896 inter
1344 3853 1412 3897 sea-

787 3939 912 4005 matiam
936 3959 1034 4025 nuper
1054 3941 1178 4004 allatam
1211 3951 1242 4002 et
1272 3939 1412 4008 duasne·

788 4059 929 4131 quantes:
963 4048 1153 4132 frequentius
1182 4047 1268 4108 unde}
1295 4050 1412 4108 innatat

785 4165 817 4216 ot
822 4153 1010 4238 frequentior
1023 4154 1183 4216 nemore'lrrrs
1197 4156 1279 4214 rieest.

834 4366 1031 4452 ‘Delphinum
1050 4367 1210 4426 cnrsr'tante
1230 4362 1348 4444 navigio
1369 4383 1413 4458 re·

109 4485 173 4529 nem
209 4491 276 4532 eum
309 4489 383 4554 rege
416 4469 538 4532 sthisto
577 4468 727 4532 habuisse.
782 4467 862 4556 pen]
878 4466 1016 4530 Secunda
1028 4479 1116 4551 parte
1136 4465 1282 4550 colloquii
1308 4477 1412 4528 namet

109 4567 226 4660 (script.
241 4597 301 4639 rer.
317 4579 393 4640 Dan.
406 4576 468 4638 vol.
485 4572 503 4637 1
518 4599 549 4660 p.
567 4571 643 4653 225)
659 4575 728 4638 Pri·

110 4697 155 4742 ms
165 4696 250 4764 parte
263 4683 354 4766 hujus
366 4683 512 4766 colloquii
527 4681 641 4746 indicat
658 4682 728 4746 Eri·

110 4799 208 4865 cue,se
218 4789 321 4874 aliquo
336 4801 474 4876 tempore
490 4789 570 4852 inter
586 4788 729 4872 scopulos

113 4891 156 4951 ret
172 4893 254 4977 justa
269 4893 355 4960 littus
369 4907 525 4978 petrosam
538 4895 701 4978 narigasse.

787 4575 906 4650 Ericen,
918 4591 950 4634 se
965 4573 1046 4634 inter
1062 4571 1264 4657 navigandum
1278 4573 1411 4659 primum

788 4678 902 4765 cepisse
917 4699 1008 4742 uuam
1023 4701 1131 4744 navem
1153 4677 1305 4761 bellicam,
1328 4663 1413 4742 delir-
1450 4675 1454 4684 ’

786 4785 825 4850 de
839 4786 976 4866 alteram,
993 4785 1068 4851 olim
1084 4787 1231 4853 dracones
1246 4784 1351 4850 diotae.
