3520 5462
388 317 458 388 tro
734 312 907 384 HISTOR.
926 313 1030 384 DAN.
1045 313 1180 384 LIBER
1196 313 1249 384 111.

337 525 484 598 avarttia
499 521 709 616 abstractos,
732 522 782 596 ad
805 522 930 600 salutis
945 547 1070 600 curam
1088 524 1281 613 movertit,
1315 519 1556 621 neglectoque
1570 547 1639 598 co·

338 644 495 746 piditatis
509 649 699 745 proposito
723 649 804 718 vitoe
828 643 1009 720 studiosos
1024 669 1103 718 ease
1119 641 1252 720 docuit.
1286 645 1404 742 Hujus
1420 660 1543 718 autem
1556 669 1641 720 sca·-

251 840 253 848 s
338 771 501 868 torigiois
512 770 670 868 speciem
686 765 948 858 adumbratam,
972 793 1046 841 non
1061 791 1183 840 veram
1205 766 1315 842 fauce
1337 782 1485 858 constat,
1506 791 1576 842 uec
1596 767 1643 842 ab

339 895 417 968 imis
436 908 540 966 terrae
562 889 760 965 visceribus
776 896 951 989 genitam,
984 888 1048 964 sed
1071 890 1293 988 prestigiosa
1308 886 1468 989 quadam
1486 888 1643 964 admini-

339 1018 506 1088 stratione
523 1011 750 1112 productam,
775 1035 859 1084 cum
873 1013 909 1083 in
928 1010 1030 1086 arido
1044 1009 1203 1110 liquidos
1218 1035 1363 1084 manare
1389 1011 1505 1086 sontes
1519 1027 1644 1085 natura

338 1161 412 1210 non
424 1142 531 1210 sinat.
587 1139 721 1208 Omnes
738 1133 835 1208 hunc
853 1140 989 1233 posteri
1008 1134 1155 1226 collem,
1185 1132 1233 1208 ad
1250 1159 1346 1232 quos
1365 1132 1549 1208 tinctionis
1567 1133 1645 1233 ejus

339 1259 434 1332 fama
446 1265 647 1351 transierat,
677 1264 885 1333 intentatum
909 1256 1058 1357 liquere.
1111 1255 1369 1351 Quamobrem,
1384 1281 1432 1330 an
1449 1261 1645 1356 quicquam

338 1406 451 1482 opum
465 1387 653 1472 contineat,
678 1405 807 1480 parum
825 1397 1062 1480 compertum,
1077 1405 1162 1454 cum
1175 1405 1284 1454 nemo
1300 1403 1451 1480 opacam
1465 1381 1547 1478 ejus
1561 1403 1645 1452 cre-

338 1501 509 1604 pidinem,
523 1505 688 1580 obstante
702 1502 850 1604 periculi
869 1520 979 1594 metu,
996 1519 1080 1602 post
1094 1501 1295 1578 Haraldum
1309 1517 1444 1577 tentare
1461 1525 1644 1600 prmtum-

338 1632 484 1728 pserit¹.
662 1661 666 1668 ·

469 1747 692 1842 AtOthinus,
719 1735 929 1850 dommum
945 1748 1097 1824 deorum
1112 1751 1319 1848 praecipuus
1334 1745 1552 1836 haberetur,
1583 1743 1644 1818 di-

341 1878 444 1948 vioos
457 1889 575 1948 tamen
591 1889 627 1946 et
641 1875 824 1972 aruspices
849 1889 1083 1972 ceterosque,
1102 1896 1196 1971 quos
1213 1871 1396 1970 exquisitis
1416 1871 1647 1968 prudentiae

339 1993 467 2070 auidiis
487 2003 608 2094 vigere
630 2011 866 2094 compererat,
886 2019 996 2094 super
1010 1993 1221 2094 exequenda
1242 1991 1306 2068 filit
1331 1992 1467 2067 ultione
1483 1990 1647 2066 solicitat.

340 2114 557 2216 Plerumque
581 2119 674 2190 enim
696 2117 862 2193 humanae
887 2122 968 2216 opis
1004 2117 1125 2216 indiga
1159 2131 1213 2190 est
1239 2114 1451 2214 imperfecta
1473 2112 1647 2190 divinitas

342 2242 410 2314 Cui
430 2238 651 2338 Rostiophus
676 2238 890 2314 Phinnicos²
925 2239 1035 2312 alium
1056 2266 1100 2313 ex
1129 2237 1258 2329 Rindo,
1280 2236 1534 2312 Rutbeuorum
1555 2241 1648 2336 regia

342 2361 426 2454 filia,
442 2360 683 2437 suscitandum
701 2361 876 2460 praedixit,
901 2367 963 2462 qui
982 2361 1147 2436 fraternae
1156 2359 1267 2436 cladis
1277 2385 1406 2460 poenas
1422 2363 1565 2459 exigere
1577 2357 1650 2432 de-

341 2483 488 2558 bebat³.
539 2487 637 2560 Deos
651 2485 829 2584 siquidem
842 2486 1019 2560 consortis
1040 2490 1093 2560 sui
1116 2483 1289 2559 ultionem
1304 2485 1429 2556 orituri
1451 2481 1649 2558 sratrisof-

341 2608 428 2684 ficio
445 2606 651 2684 destinasse.
700 2611 778 2680 Hoc
799 2606 933 2700 audito,
959 2608 1109 2683 Otbinus
1124 2632 1166 2682 os
1182 2604 1290 2706 pileo,
1315 2632 1361 2679 ne
1383 2603 1483 2680 cultu
1506 2603 1649 2706 prode-

342 2749 451 2823 retur,
476 2729 705 2832 obnubens⁴,
730 2730 941 2828 praedictum
959 2757 1082 2832 regem
1100 2727 1276 2830 stipendia
1294 2733 1485 2807 meriturus
1502 2729 1650 2804 accedit.

341 2859 374 2928 A
389 2878 464 2953 quo
481 2855 650 2952 magister
668 2851 818 2928 militum
837 2855 992 2945 effectos,
1014 2870 1161 2952 recepto
1176 2857 1344 2943 exercitu,
1369 2849 1652 2952 pulcherrimam

342 2973 562 3050 orbostibus
575 2979 759 3050 victoriam
772 2975 901 3052 remlit.
953 2980 1070 3070 Quem
1087 3000 1150 3050 rex
1170 2974 1222 3048 ob
1238 3000 1400 3076 pugnam
1407 2989 1555 3048 anenno
1568 2973 1653 3048 edi-

342 3113 416 3172 tam
444 3100 482 3170 io
507 3097 666 3196 primum
695 3102 855 3174 amicitie
874 3098 1028 3200 gradum
1055 3099 1221 3190 adscivit,
1254 3097 1355 3174 hand
1377 3102 1524 3198 parcius
1548 3095 1656 3177 donis

344 3242 455 3320 quam
477 3217 681 3294 bonoribus
705 3217 852 3296 cultum.
908 3219 1009 3296 Idem
1025 3239 1110 3324 post
1130 3221 1324 3324 parvulum
1339 3211 1652 3320 temporisinter-

344 3517 452 3586 fodero
463 3519 711 3608 aggrederentur,
732 3523 790 3588 hoo
803 3525 852 3590 vei
864 3523 916 3588 iiia
934 3540 969 3590 re
1025 3537 1073 3590 tea
1086 3537 1187 3590 aotam
1199 3517 1560 3588 hobitimntiutnrorom
1573 3539 1657 3608 prae·

344 3627 500 3712 inopinata
515 3632 650 3715 paeonici
663 3631 815 3717 inceptam
840 3649 968 3718 operam
1027 3631 1101 3709 acii,
1129 3641 1162 3693 et
1191 3647 1227 3692 eo
1256 3627 1345 3694 lande
1367 3625 1539 3692 floruerunt
1561 3629 1658 3692 edam

345 3732 501 3798 subitanea
532 3733 604 3822 ingo
636 3737 817 3822 linquerent.
875 3736 970 3802 iidem
1028 3729 1139 3800 incole
1148 3735 1276 3799 nimio.

348 3857 421 3903 vcro
442 3839 594 3926 deinceps,
618 3863 657 3905 ne
678 3864 734 3907 auo
755 3865 870 3930 pavore
896 3842 971 3908 ridi·
1075 3845 1228 3926 'Erigere
1250 3836 1384 3920 debebat]
1411 3837 1598 3924 stephanius
1621 3859 1657 3903 ex

346 3944 408 4007 onii
419 3943 593 4026 evaderent,
611 3950 700 4012 variis
714 3951 891 4014 commentia
907 3961 969 4013 ter-
1026 3947 1218 4011 comeatioue
1235 3946 1353 4031 potuita
1372 3945 1482 4007 debeat.

347 4071 433 4114 roret
455 4065 622 4118 nocturnos
649 4056 760 4120 mitum
783 4057 816 4119 in
845 4054 969 4120 modum
1073 4047 1659 4140 ‘Ospe'teo,necuitoprodmtor,ohnu

348 4171 504 4222 auxerunt.
1027 4155 1109 4240 bens]
1142 4161 1191 4222 Do
1218 4157 1312 4223 solito
1337 4155 1436 4222 Odini
1461 4155 1570 4220 babitu
1595 4155 1661 4220 sid

394 4267 483 4328 'Cum
496 4289 578 4329 mmo
591 4285 662 4353 post
673 4269 839 4332 Horoldum
852 4282 967 4331 tentore
993 4288 996 4296 ·
1027 4277 1094 4329 not.
1106 4263 1157 4328 nb.
1183 4261 1222 4328 ad
1243 4263 1356 4328 librum
1373 4263 1501 4329 &sonu
1522 4263 1663 4348 primm

343 4369 575 4458 prmumpserit]
590 4373 826 4438 Observationes
845 4391 969 4460 genera
1024 4393 1058 4459 p.
1069 4369 1121 4436 40.
1169 4372 1229 4434 Hic
1252 4369 1343 4433 mam
1362 4357 1506 4433 narrator
1519 4367 1664 4435 otium

348 4474 393 4537 lea
416 4473 455 4537 de
478 4476 611 4546 Baidcro
636 4491 669 4544 et
690 4481 833 4549 Hotbcro
855 4478 968 4544 vidia
1026 4478 1086 4544 tibi
1108 4487 1342 4564 reprmcntmsc
1362 4474 1485 4540 videtur
1510 4493 1665 4540 monom-

349 4591 415 4642 not,
429 4581 514 4645 abor.
550 4619 553 4626 ·
690 4643 692 4649 ,
1031 4585 1113 4664 lum,
1146 4597 1238 4670 atque
1274 4585 1347 4650 binc
1377 4606 1413 4648 oa
1445 4583 1531 4669 pileo
1559 4581 1665 4646 obun-

395 4689 595 4777 queamus
606 4690 778 4773 Pia'noitus]
793 4687 973 4774 Hroabioli'r
1031 4689 1173 4770 beatam,
1195 4692 1342 4758 neurim
1365 4691 1447 4755 oculi
1469 4687 1597 4754 doimm
1616 4687 1666 4750 di·

351 4791 525 4856 nominatur
538 4794 619 4858 inter
633 4797 778 4882 Gigmtea
794 4797 828 4860 in
839 4795 972 4860 carmine
1032 4809 1241 4882 gnoaooretur.

350 4895 672 4980 Edticonynttntod
684 4915 738 4966 atr.
750 4900 973 4985 XXX3i3igan-
