3446 5458
620 335 809 408 sttouflo
832 335 887 408 11t
1286 347 1359 418 209

99 549 245 622 minans.
295 543 348 620 ita
363 543 624 620 rarescentibus
643 543 760 644 epuiis
785 545 933 642 ministri
963 545 1049 623 alias
1067 552 1196 648 inopiae
1212 566 1320 652 atque
1339 583 1407 632 ve-

98 668 277 743 recundiae
293 667 523 770 suggentnt¹,
546 667 710 768 parvulas
735 673 850 741 eduae
866 669 1126 770 impmdentes‚
1162 673 1263 774 quod
1281 681 1409 776 grandi

99 793 270 866 convivio
299 789 461 864 sufficere
482 790 667 890 potuisset.
729 791 785 864 nit
815 815 903 890 ergo
939 815 1017 866 rex:
1049 793 1233 872 Assoletne
1262 801 1411 878 Gtithari

96 911 199 988 miles
213 931 343 988 tactom
365 909 477 987 semel
493 907 811 1014 dapemttanquam
837 911 980 986 amolita
1002 915 1168 992 ciborum
1186 939 1303 996 crusta
1328 924 1409 1001 dis-

96 1031 250 1134 perdere
282 1041 471 1136 primaque
497 1033 633 1109 fercula
660 1035 869 1110 ultimorum
894 1037 964 1110 ritu
995 1035 1211 1138 fragminum
1232 1067 1408 1146 nspema..

95 1159 147 1230 ri?
177 1157 233 1232 Ad
248 1155 327 1232 haec
341 1161 488 1233 Ericusa
514 1155 610 1229 Nihil
624 1157 691 1232 sibi
714 1155 760 1231 de
783 1159 904 1232 Gotari
925 1159 1086 1235 moribus
1118 1163 1295 1240 incondita
1321 1173 1409 1248 vin.

95 1279 229 1355 dicarit
243 1279 395 1372 affectio,
409 1279 498 1354 nihil
513 1279 708 1355 assuetudo
722 1279 956 1380 incomposita
971 1281 1164 1380 possidet2.
1197 1292 1241 1362 At
1255 1293 1408 1370 Frotho:

96 1407 193 1506 Ergo
210 1401 343 1475 domini
360 1403 412 1476 tui
435 1402 596 1479 moribus
616 1401 765 1494 discors,
798 1429 871 1476 non
893 1428 1037 1478 omnem
1059 1413 1215 1508 argueris
1240 1414 1407 1511 pruden-

96 1529 183 1600 tiam
197 1524 393 1600 attendisse.
445 1527 516 1622 Qui
533 1529 628 1600 enim
643 1527 823 1626 majorum
839 1526 1008 1625 exemplis
1027 1527 1162 1623 obviat,
1187 1537 1408 1638 transfugam

96 1673 138 1723 sc
156 1647 374 1724 defeotorem
389 1673 429 1722 se
445 1647 588 1748 probat.
619 1653 715 1722 Tum
732 1650 877 1722 Ericusa
901 1651 1047 1748 Sapiens
1062 1675 1084 1726 a
1098 1655 1301 1754 sapientiori
1315 1684 1407 1734 eru·-

96 1772 164 1846 diri
181 1771 299 1847 debet.
359 1769 536 1846 Discendo
557 1771 650 1844 enim
668 1770 831 1846 doctrina
847 1770 1006 1871 proficit,
1037 1771 1207 1876 dogmate
1222 1777 1408 1882 disciplina

96 1893 321 1994 provehitur.
390 1895 524 1967 Contra
546 1891 699 1968 Frothoa
732 1891 829 1988 Quid
857 1892 945 1967 mihi
968 1897 1181 1996 exemplaris
1204 1901 1407 1982 documenti

96 2014 177 2092 hac
213 2033 291 2091 tuae·
319 2014 573 2116 superfluitatis
599 2009 744 2090 imitatio
770 2015 891 2090 dabit?
922 2015 978 2090 nd
1001 2017 1082 2094 haec
1104 2025 1248 2098 Ericusa
1281 2031 1408 2106 Tutius

95 2165 220 2244 regem
242 2139 332 2214 fides
352 2137 504 2239 parvula
529 2163 639 2238 quam
667 2140 792 2240 ingens
814 2137 923 2213 vallat
946 2140 1107 2237 perfidia.
1174 2149 1241 2220 Cui
1254 2151 1408 2228 Frothoa

96 2267 196 2366 Ergo
216 2279 255 2338 tu
281 2287 348 2336 nos
372 2264 593 2336 accuratiore
622 2263 758 2336 caeteris
789 2259 967 2360 obsequio
991 2263 1260 2362 complecteris?
1312 2277 1408 2350 Tum

73 2389 245 2465 Ericusa
269 2389 602 2460 Nemononnatum
616 2381 759 2458 stabulo
786 2399 847 2456 aut
861 2383 1054 2482 ingenitum
1080 2393 1259 2488 praesepio
1282 2395 1408 2496 appli-

97 2512 189 2585 ου’.
216 2505 379 2582 Necdum
393 2509 554 2580 omnium
568 2506 818 2606 experientiam
827 2508 1006 2606 accepisti.
1025 2511 1197 2586 Praeterea
1214 2514 1316 2612 apud
1324 2522 1406 2592 Gii-

97 2623 402 2732 thammpotionis
416 2653 501 2705 usus
510 2627 621 2728 epulo
631 2632 825 2727 permixtus
843 2653 920 2702 esse
944 2625 1051 2723 solet3
1075 2629 1195 2732 liquor
1210 2636 1294 2709 cibo
1311 2667 1407 2716 eon-

97 2757 248 2854 junctim
261 2749 512 2853 superadditus
526 2740 831 2826 comessabundos
847 2753 957 2850 juvat.
998 2755 1129 2828 Contra
1144 2757 1298 2834 Frothoa
1327 2765 1407 2836 Im-
1502 2727 1505 2736 ¹

95 2873 345 2974 pudentiorem
353 2889 461 2974 potus
478 2891 540 2946 aut
549 2871 649 2972 epuli
657 2877 846 2972 petitorem
859 2897 930 2946 non
951 2881 1078 2974 reperi.
1102 2877 1244 2954 Adhaec
1262 2883 1407 2962 Ericusa

96 2997 203 3072 Pauci
219 3001 367 3072 tacentis
376 3011 571 3097 egestatem
586 3002 760 3068 aestimant
776 3012 836 3070 aut
858 2995 990 3070 silentis
1013 3001 1306 3079 necessitudinem
1324 3033 1406 3082 me-

5 3115 8 3128 ’
96 3127 241 3198 tiuotur.
301 3123 396 3194 Tum
412 3143 516 3192 soror
528 3121 622 3218 regis
637 3119 768 3216 ingenti
784 3135 907 3218 patera
922 3118 1100 3218 potionem
1118 3125 1281 3223 proferre
1297 3131 1405 3228 jussa.

96 3245 211 3344 Cujus
233 3245 361 3318 Erious
375 3242 557 3316 dexteram
576 3265 661 3314 cum
675 3238 799 3314 oblato
822 3239 929 3314 simul
953 3258 1089 3316 cratere
1113 3249 1329 3348 corripiens,
1360 3274 1406 3324 an

95 3365 177 3460 hoc,
201 3367 328 3466 inquit,
352 3389 479 3466 regum
502 3365 655 3462 optime,
688 3385 821 3435 munus
839 3377 900 3435 tua
929 3361 1016 3436 mihi
1041 3363 1219 3466 delegavit
1235 3369 1407 3445 humani.

95 3491 174 3562 tasi
199 3490 295 3562 Num
308 3487 407 3582 mihi,
422 3484 524 3588 quod
540 3502 654 3578 teneo,
666 3482 907 3558 irrevocabilis
922 3481 1007 3557 doni
1021 3483 1105 3561 loco
1125 3513 1309 3568 cessurum
1331 3519 1408 3569 esse

97 3611 313 3687 confirmas?
338 3613 425 3706 Rex,
438 3625 599 3714 pateram
616 3624 753 3697 tantum
770 3605 945 3708 postulari
966 3621 1077 3700 ratus,
1100 3619 1312 3710 pronunciat
1332 3615 1408 3694 do-

143 3933 499 4025 ¹1tamoemumputo
520 3937 722 4002 muueriali·
781 3931 881 3998 lubitu
907 3929 973 4020 geri
994 3951 1093 4024 neque
1109 3956 1219 4020 pravas
1240 3935 1285 4002 ibi
1309 3933 1407 4002 domi·
1459 3991 1463 3999 .

97 4065 137 4106 os
148 4045 251 4130 impiis
263 4058 351 4128 atque
360 4036 721 4128 wrecwtdt'oesuggerunt]
781 4039 849 4104 nuri
867 4037 1107 4106 consvetudines.

97 4149 247 4211 nocent:
265 4167 337 4211 oum
355 4145 472 4213 fercula
490 4168 547 4236 per
564 4147 722 4212 insolenti-
828 4149 941 4212 ³Nemo
957 4171 1016 4210 non
1033 4163 1136 4210 omum
1153 4148 1267 4211 stabulo
1290 4161 1343 4208 aot
1362 4149 1407 4208 ἰη-

98 4271 152 4314 am
167 4253 252 4317 Etioi
272 4266 477 4336 resumerent,
502 4253 633 4320 ministri
646 4250 725 4338 regii
780 4258 911 4338 genitum
920 4256 1062 4342 presepio
1084 4247 1229 4340 applicat]
1256 4245 1407 4314 Confera-

95 4354 173 4422 siim
191 4377 275 4422 escas
297 4358 417 4444 stateris
437 4359 573 4426 convivis
592 4357 725 4424 esurien-
781 4369 833 4420 tur
839 4355 1048 4442 proverbium,
1056 4355 1139 4442 quod
1153 4353 1286 4420 servavit
1295 4356 1407 4416 Petrus

95 4461 179 4527 tibus
195 4476 228 4528 et
241 4463 421 4530 verecundis
434 4463 582 4530 offerunt.
782 4463 874 4526 Laale
890 4464 942 4524 Νι.
960 4455 1036 4523 682:
1055 4465 1118 4524 Det
1131 4481 1164 4524 ar
1178 4459 1254 4526 ondt
1270 4471 1301 4526 at
1316 4458 1406 4526 hmo

145 4571 254 4634 ²Ntttt
274 4571 331 4634 sibi
348 4571 384 4634 de
410 4575 520 4636 Gotari
540 4572 666 4636 mortius
784 4563 835 4630 ior
854 4563 944 4630 mods
961 4567 1032 4646 Fae,
1055 4577 1146 4652 atque
1167 4563 1249 4630 aliud
1271 4563 1407 4649 ejusdem

95 4675 257 4740 assuetudo
276 4679 467 4766 incomposita
484 4671 632 4766 possidet]
654 4676 729 4740 Sen-
786 4669 898 4735 indolis
914 4670 1110 4758 aStephanio
1123 4672 1156 4736 in
1172 4669 1253 4736 notis
1265 4671 1405 4734 attatum:
1432 4687 1436 4694 ’

96 4797 154 4846 sut
170 4793 234 4861 tat,
271 4779 306 4846 in
326 4783 396 4846 nula
422 4782 551 4848 flothari
574 4779 651 4846 nihil
669 4798 729 4868 pro
785 4773 1406 4861 HuteruiiidHestatbinderediirybbe.

158 4903 212 4956 Su·
224 4904 351 4956 fland.
365 4905 426 4955 nut.
440 4907 502 4956 Dan.
1136 4883 1214 4980 (Μ)
