3442 5456
379 348 453 428 '280
707 347 891 422 HlSTOR.
907 347 1173 421 battutas
1187 345 1246 420 vt

330 564 489 653 uniant,
514 566 623 636 satius
646 577 744 634 ratus
758 565 795 631 in
818 583 1026 632 scurrarum
1051 581 1181 657 agmen
1212 555 1379 632 eutimlae
1407 551 1539 628 damno
1556 557 1625 628 ·ri-

330 683 491 759 diculum
514 681 646 754 dictare
659 681 896 780 supplieium,
918 705 1029 780 quam
1045 705 1156 782 poena
1178 684 1304 779 eapitis
1325 677 1502 754 funestmn
1517 683 1627 775 irnpe-

330 830 411 882 rare
431 805 632 880 discrimen.
690 801 740 875 lta
764 801 934 902 jocularis
957 803 1139 877 ministerii
1165 800 1397 900 sordidaeque
1429 796 1628 874 conditionis

330 943 503 1002 emersam
525 925 708 1026 probroso
733 923 1049 1001 animadversionis
1082 949 1215 1027 genere
1234 925 1431 1011 inseoutus,
1465 920 1626 996 ohseoeuo

330 1051 521 1125 verberum
547 1045 705 1121 ludibrio
729 1046 903 1121 mulctare
921 1063 1111 1122 conmotus
1138 1048 1255 1121 exunt
1315 1049 1409 1120 Tum
1425 1047 1516 1120 Daui
1541 1043 1628 1142 apud

329 1173 459 1246 urbem
475 1167 670 1244 Dulilinam
684 1171 800 1269 regias
824 1193 913 1267 opes
936 1177 1062 1243 aerario
1086 1185 1222 1271 egestas
1239 1167 1391 1268 publico
1413 1183 1522 1264 raptu
1548 1191 1630 1240 aon-

332 1291 414 1369 velli
439 1297 632 1394 jusserunt.
700 1295 825 1365 Tantae
850 1290 1027 1390 siqnidem
1050 1287 1303 1391 magnitudinis
1327 1291 1481 1388 pecunia
1508 1307 1632 1390 reperta

330 1415 465 1509 luerat,
497 1431 539 1491 ut
563 1417 679 1487 minor
704 1416 903 1512 partitionis
918 1437 1004 1489 cura
1020 1417 1156 1488 cunetis
1171 1415 1342 1488 existeret.

463 1543 546 1612 Post
562 1535 642 1611 baec
658 1536 902 1612 Starcetherus
919 1537 965 1612 ad
991 1536 1225 1610 inhibendam
1240 1533 1470 1609 Orientalium
1491 1533 1631 1608 deiecti-

335 1665 461 1735 onem¹
480 1681 552 1734 una
576 1685 658 1733 oum
677 1660 795 1750 wine,
809 1659 1019 1735 Selavomm
1039 1663 1238 1760 prinoipe2,
1256 1657 1452 1757 delegatur.
1506 1662 1572 1754 Qui
1586 1665 1630 1730 si-

331 1782 409 1857 mul
426 1781 625 1855 adversum
647 1783 838 1872 Curetum,
870 1781 1102 1876 Semborum,
1134 1780 1387 1882 Sangalorum‚
1410 1781 1631 1876 omniumque

332 1921 516 2002 postremo
531 1901 761 1975 Orientalium
776 1910 947 1978 exereitus
963 1905 1132 2005 proeliati,
1158 1901 1274 1978 claras
1295 1902 1364 1977 late
1381 1906 1548 1978 rimorias
1560 1901 1630 1974 edi·

216 2085 222 2096 .
329 2026 429 2097 dere.
477 2025 623 2098 Eximiae
641 2009 818 2122 opinionis
833 2027 1020 2126 gladiator,
1035 2011 1401 2117 nomineWisibnus³,
1426 2025 1528 2124 apud
1542 2029 1629 2097 Rus-

193 2212 196 2220 .
330 2149 421 2222 siam
455 2167 606 2247 rupem,
631 2171 715 2246 quae
742 2149 879 2222 Analial
897 2149 1039 2244 dieitur,
1061 2150 1148 2225 sede
1164 2167 1197 2224 et
1218 2152 1403 2225 mansione
1420 2147 1630 2248 complexus,

332 2271 464 2344 vicinas
491 2271 778 2370 longinquasque
814 2269 1018 2370 provincias
1045 2275 1142 2347 omni
1170 2274 1306 2372 iujuriae
1341 2295 1473 2372 genere
1496 2272 1631 2344 vexarit

332 2395 399 2466 Hie
415 2417 555 2465 omnem
572 2392 725 2466 telorum
742 2398 856 2466 aciem
875 2392 920 2466 ad
947 2391 1177 2471 hebetudinis
1201 2394 1365 2470 habitum
1389 2391 1469 2468 solo
1484 2419 1631 2491 eonspe-

332 2530 392 2588 atu
410 2513 573 2613 redigere
591 2515 739 2590 solebat
798 2514 1043 2610 Quamobrem
1056 2531 1191 2590 tautam
1207 2517 1343 2592 viribus
1362 2519 1442 2616 ejus
1458 2517 1632 2591 audaciam
1706 2593 1707 2598 ,

208 2723 211 2730 Ι
330 2639 473 2735 peperit
491 2635 662 2711 'exclusus
698 2637 888 2714 vulnerum
912 2653 1045 2733 metus,
1068 2651 1118 2714 'ut
1142 2646 1246 2713 etiem
1271 2637 1463 2714 illustrium
1487 2641 1631 2714 virorum

332 2761 506 2859 conjuges
533 2763 665 2833 maritis
696 2761 938 2858 spectantibus
976 2779 1098 2859 raptas
1148 2761 1195 2835 ad
1222 2778 1389 2860 stuprum
1410 2761 1631 2860 pertraheret

334 2881 449 2979 Cujus
464 2879 607 2956 sceleris
623 2877 869 2959 Staroatherus
883 2905 1028 2958 rumore
1048 2885 1193 2978 exaltus,
1214 2882 1362 2958 tollendi
1377 2891 1540 2958 aumoris
1554 2907 1630 2982 gra-

334 3005 381 3075 tia
397 3007 559 3078 Russiem
580 3012 676 3104 petit.
737 3009 806 3100 Qui
828 3013 998 3106 quoniam
1013 3005 1101 3079 nihil
1122 3023 1326 3107 expugnatu
1346 3003 1494 3079 dillicile
1508 3003 1631 3094 habuit,
1704 3059 1705 3104 p

330 3131 482 3222 petitum
499 3153 542 3200 ex
556 3125 816 3227 provocatione
831 3133 1030 3202 Wisinnum
1045 3132 1149 3202 etiam
1166 3135 1250 3203 artis
1267 3153 1342 3202 suae
1357 3126 1539 3202 beneficio
1552 3151 1632 3226 spo-
1704 3111 1705 3185 l

333 3245 457 3320 liatum
477 3256 664 3348 oppressit
738 3255 888 3325 Ferrum
912 3257 1060 3351 quippe,
1082 3277 1128 3323 ne
1142 3253 1386 3351 praestigiatori
1407 3259 1632 3353 conspicuum
1703 3303 1704 3306 ,

332 3367 434 3462 soret,
450 3374 547 3444 tenui
567 3373 763 3447 admodum
781 3375 877 3473 pelle
892 3377 1061 3467 contexit3
1085 3399 1205 3472 neque
1219 3377 1379 3448 Wisinno
1395 3393 1458 3450 aut
1476 3379 1631 3476 prestigii

333 3493 445 3566 virtus
460 3509 523 3566 aut
544 3499 673 3571 virium
690 3497 908 3600 magnitudo,
936 3521 1011 3596 quo
1027 3499 1143 3572 minus
1158 3495 1382 3571 Stareathero
1398 3496 1553 3591 eederet,
1570 3525 1632 3572 au-

279 3793 285 3806 .
331 3749 401 3812 nius
415 3769 451 3814 ex
473 3755 663 3816 correctione
678 3753 803 3836 adjetit3
832 3767 863 3818 et
875 3767 957 3819 certe
1020 3751 1335 3838 Wininomenplane
1350 3753 1501 3836 ignotum.
1552 3751 1631 3817 Haud

333 3853 456 3937 quidem
475 3855 566 3918 docet
594 3869 769 3938 contextus,
795 3859 957 3924 histriones
1018 3858 1109 3922 dubie
1131 3857 1313 3942 intelligitur
1333 3857 1424 3936 idem,
1455 3861 1509 3943 qui
1528 3863 1558 3922 in
1576 3881 1632 3922 ear·

333 3979 396 4024 non
412 3957 503 4023 luisse
518 3973 640 4022 necatos
653 3960 706 4024 sed
729 3961 909 4047 liegelletoa.
1018 3966 1098 4027 mine
1114 3963 1302 4028 Stareatlreri
1322 3965 1431 4030 ultimo
1455 3965 1569 4030 dieitur
1587 3965 1631 4028 ui-

380 4067 454 4128 ¹Ad
471 4069 651 4130 rhht'beodnm
665 4071 859 4133 Orientalium
878 4073 958 4158 dese·
1018 4093 1073 4132 nus
1088 4069 1218 4133 Flebaee
1235 4083 1333 4134 natut-

281 4225 284 4234 ,
333 4168 468 4252 ctionem]
491 4171 581 4233 Haud
596 4172 686 4236 dubie
701 4176 848 4260 cogitarit
869 4189 958 4238 autor
1209 4187 1212 4192 '

333 4275 372 4338 de
385 4277 513 4361 imperio
525 4277 690 4340 Frotbonis
707 4279 829 4342 Pacilici
849 4281 880 4342 in
894 4285 956 4344 llu-
1063 4277 1255 4360 ³Wsinnus]
1285 4283 1320 4342 ln
1351 4279 1478 4343 historia
1503 4278 1631 4341 sabulosa

332 4381 442 4442 theom
455 4401 511 4464 per
530 4382 706 4446 Fridlevum
723 4387 898 4449 continuato
926 4401 957 4450 et
1016 4387 1111 4470 Egilli
1128 4398 1159 4448 et
1181 4383 1327 4448 hemundi
1344 4399 1410 4470 cap.
1436 4385 1456 4450 7
1481 4381 1630 4464 (romald.

333 4485 419 4549 itaetl
427 4488 615 4552 Frotbouem
624 4490 873 4573 Luigumdelato.
894 4493 955 4554 Au·
990 4495 1085 4576 'sig
1099 4492 1158 4556 vol.
1183 4490 1365 4575 111p.377)
1387 4493 1522 4555 occurrit
1543 4507 1630 4552 statut

332 4603 429 4655 tonat
442 4592 536 4676 igitur
549 4595 754 4678 expeditiones
769 4597 953 4659 Stareetberi
1014 4597 1137 4682 quidam
1165 4598 1279 4660 athlete
1310 4617 1346 4660 ex
1376 4601 1502 4682 regione
1526 4597 1630 4660 Bliilm·

332 4695 365 4758 itt
390 4696 603 4760 hiemantibus
634 4699 690 4762 sub
712 4702 855 4786 auspiciis
879 4705 955 4766 Fre·
1014 4703 1194 4766 maunaland
1214 4716 1310 4781 ortua,
1329 4701 1381 4787 qui
1396 4703 1503 4767 eodem
1517 4700 1629 4764 nomine

334 4799 436 4864 thouie
449 4799 539 4866 luisse
553 4815 699 4885 peractas
1011 4809 1175 4894 insignitur
1201 4807 1294 4889 (onir.
1329 4808 1442 4893 Seript.
1470 4829 1530 4873 rer.
1559 4811 1629 4870 Deo.

378 4907 479 4968 1(ἕιιιιι
499 4911 592 4980 nono
614 4913 784 4974 Seianorum
807 4910 952 5000 preiret'pe]
1014 4917 1075 4978 tol.
1095 4920 1154 5000 lp.
1168 4912 1234 4994 3³2)
1325 4997 1327 5000 Ι
