3446 5458
673 334 877 420 RORICUS.
1234 405 1240 412 -
1306 351 1377 428 147
1400 363 1406 376 ’

121 547 361 650 mmliqttom
379 552 560 652 potionem
577 561 783 650 miscuisset,
798 557 953 655 inquirit.
995 561 1040 632 Ut
1057 559 1151 633 latre
1169 577 1204 634 et
1218 583 1314 659 aqua
1328 577 1426 638 tenr-

119 687 282 773 pmtant
297 681 476 775 cognovit,
497 675 780 752 demonstratum
804 679 870 754 sibi
887 681 1111 780 scaturiginis
1128 681 1250 756 locum
1265 687 1301 756 iu
1316 684 1426 760 altum

120 791 248 870 fodere
265 819 470 898 aggressus,
490 798 697 898 complures
721 799 860 901 gladios
885 801 1048 901 rubigine
1065 801 1194 877 adesos
1210 808 1358 904 reperit,
1384 833 1427 882 ex

118 941 279 1016 quornm
294 917 416 992 odore
444 917 613 1020 lymphas
636 925 762 997 vitium
790 925 936 997 traxisse
967 927 1203 997 existimatum
1231 945 1292 1001 est.
1359 929 1430 1002 Alii

118 1038 201 1112 ideo
221 1045 403 1140 potionem
419 1057 577 1116 notatam
591 1041 760 1136 referum,
778 1043 878 1144 quod
897 1046 933 1118 in
951 1044 1031 1141 ejus
1043 1041 1175 1117 haustu
1201 1071 1286 1146 apes
1306 1049 1428 1125 abdo-

118 1165 216 1236 mine
232 1163 366 1238 mortui
383 1161 485 1238 alitas
500 1163 795 1264 deprehenderit,
821 1169 1020 1265 vitiumque
1033 1166 1157 1240 referri
1176 1189 1301 1268 gustu,
1327 1175 1431 1273 quod

117 1283 208 1360 olim
232 1283 325 1361 ienis
346 1283 497 1359 inditum
518 1289 696 1361 extitisset.
762 1293 885 1386 Aquo
910 1313 971 1361 rex
994 1287 1129 1386 culpati
1145 1295 1285 1389 saporis
1303 1319 1428 1370 causas

117 1422 366 1508 competenter
388 1394 670 1503 mirisuidam,
704 1435 819 1510 quum
848 1410 896 1482 ab
923 1409 1052 1485 eodem
1078 1413 1332 1510 exprobratam
1359 1419 1429 1492 sibi

117 1529 313 1606 oculorum
334 1530 564 1630 ignominiam
598 1529 646 1604 ad
671 1539 811 1632 generis
843 1531 1041 1620 foeditatem
1075 1540 1254 1632 pertinere
1285 1561 1429 1638 cogno-

117 1669 248 1746 sceret,
272 1651 366 1727 elam
381 1667 558 1727 conventa
583 1668 717 1747 matre,
750 1660 832 1754 quis
859 1653 926 1728 sibi
944 1670 1047 1752 pater
1069 1644 1247 1750 extitisset,
1269 1661 1428 1760 inquirit.

119 1778 202 1870 Qua
227 1778 405 1850 neminem
428 1799 468 1849 se
486 1791 616 1872 praeter
637 1799 761 1874 regem
776 1801 921 1876 passam
949 1774 1100 1868 dicente,
1126 1803 1203 1852 rem
1229 1789 1428 1880 quaestione

119 1923 164 1974 ex
187 1919 232 1972 ea
257 1894 548 1998 cognoscendam
573 1899 748 1991 minatus,
773 1895 877 1997 quod
902 1921 1008 1972 servo
1031 1915 1132 1973 ortus
1155 1919 1262 1999 esset,
1280 1912 1429 2005 accepit,

120 2035 254 2096 uocatae
274 2020 420 2120 originis
449 2019 719 2119 ambiguitatem
732 2000 882 2094 'extorto
910 2019 1145 2096 confessionis
1176 2023 1307 2130 indicio
1338 2051 1429 2126 per-
1484 2039 1488 2051 “

119 2155 322 2218 scrutatus·
361 2143 473 2240 lg'tur
485 2157 527 2214 nt
542 2140 756 2216 conditionis
771 2165 847 2216 suae
863 2140 998 2214 rubore
1013 2143 1196 2236 confusus,
1221 2147 1269 2222 ita
1286 2152 1431 2247 juvenis

120 2262 315 2364 prudentia
339 2260 555 2355 delectatus,
597 2262 763 2356 eundem,
792 2289 860 2337 cur
880 2265 1040 2362 reginam
1073 2265 1255 2340 servilium
1287 2295 1428 2348 morum

119 2385 400 2486 exprobratione
413 2384 638 2478 maculasset,
662 2389 864 2483 interrogat.
926 2383 997 2456 Sed
1023 2383 1110 2458 dum
1129 2390 1295 2488 conjugis
1310 2399 1430 2466 comt..

117 2523 231 2582 tatem
243 2523 423 2583 noctmno
437 2504 589 2606 hospitis
614 2531 779 2580 sermone
797 2507 997 2580 lacessitam
1015 2505 1149 2600 doluit,
1182 2510 1334 2587 eandem
1358 2539 1429 2588 un-

119 2629 203 2706 cilla
216 2647 332 2706 matre
346 2645 506 2705 creatam
522 2626 653 2702 didicit.
711 2626 895 2728 Siquidem
915 2625 975 2700 ille
996 2631 1062 2701 tria
1085 2653 1124 2702 se
1138 2635 1233 2704 eirca
1250 2657 1329 2708 eam
1347 2661 1429 2711 ser-

119 2751 203 2830 vilis
220 2755 311 2828 ritus
334 2753 438 2828 vitia¹
469 2750 660 2826 denotasse
682 2747 844 2843 dicebat,
875 2773 1008 2841 unum,
1039 2749 1142 2849 quod
1165 2752 1303 2828 ancillae
1328 2781 1431 2835 mere

118 2873 232 2976 pallio
245 2889 356 2975 eaput
370 2871 598 2966 obduxerit²‚
629 2872 792 2963 alterum,
808 2870 910 2972 quod
928 2885 1063 2945 vestem
1086 2871 1316 2974 adgressum
1339 2893 1431 2955 ιιιιι-

119 2997 306 3090 cinxerit³‚
330 3002 485 3088 tertium,
512 2993 614 3096 quod
630 2995 795 3068 ciborum
814 2991 985 3092 reliquias
1000 2992 1161 3068 dentium
1177 3002 1348 3098 angustiis
1368 3009 1432 3077 ιιι·-Ι

118 3115 300 3194 boerentes
327 3121 446 3218 stipite
469 3122 602 3192 eruerit
633 3133 827 3216 exutasque
858 3114 1220 3192 commanducaverit.
1278 3125 1429 3200 Matrem

118 3263 275 3341 quoque
295 3242 375 3340 ejus
399 3245 438 3313 in
458 3244 665 3315 servitutem
682 3239 887 3338 captivitate
911 3234 1092 3310 redactam
1113 3241 1354 3340 memorabat,
1384 3272 1431 3324 ne

118 3367 246 3462 potius
265 3362 383 3440 servili
400 3387 503 3439 more
530 3385 640 3461 quam
657 3385 790 3460 genere
807 3381 886 3434 esse
905 3357 1120 3434 videretur⁴.

165 3629 310 3692 ¹Semte
329 3635 404 3694 rrius
424 3625 513 3710 celeb]
536 3629 582 3692 lta
602 3637 743 3690 narratur
850 3627 1014 3706 'Alterum
1031 3629 1110 3712 quod
1128 3647 1233 3694 testem
1247 3633 1431 3719 adgressum

116 3735 153 3798 iti
186 3733 315 3798 h'nloria
334 3737 575 3821 ‘Volsnngorttm
606 3751 673 3817 esp.
706 3728 747 3795 12
806 3729 993 3812 succtlmrit]
1014 3734 1118 3800 Sortes
1139 3747 1228 3800 erant
1241 3737 1303 3802 alie
1315 3741 1434 3806 tuccin-

117 3838 311 3922 (Foxnalder
329 3842 429 3927 Sigus
448 3842 509 3905 tol.
526 3845 539 3904 1
558 3862 590 3925 p.
612 3834 686 3919 146)
708 3834 748 3902 de
806 3849 876 3918 otc,
898 3833 1072 3902 artitudine
1092 3858 1188 3930 opert
1207 3842 1267 3908 tibi
1286 3844 1433 3931 imponite

116 3943 388 4034 quimandin,
404 3966 474 4033 qua
489 3965 652 4032 pesonam
669 3943 750 4031 regi·
808 3955 1005 4028 peragerent3
1025 3957 1174 4012 matrone
1193 3953 1434 4036 autemeam·

115 4073 171 4116 aar
185 4064 371 4138 cmmpexct,
384 4063 563 4118 eamortum
578 4047 749 4136 prodidisse
809 4067 852 4112 aa
887 4047 1022 4114 tutibus
1056 4051 1201 4118 uiuitur
1240 4052 1433 4136 incedebant,

115 4159 277 4240 ser-xilem,
300 4155 429 4222 dicendo
448 4176 480 4222 se
503 4155 541 4222 ab
560 4155 751 4221 incunabulis
779 4141 783 4149 ’
810 4171 919 4240 easque
933 4153 1066 4220 defluere
1080 4156 1229 4221 sinebant.

116 4265 249 4332 notium
274 4262 369 4328 fuitne
396 4265 497 4350 primo
526 4263 635 4350 quovis
662 4282 752 4327 meae
854 4263 926 4328 ‘Ne
936 4267 1040 4350 potius
1064 4264 1166 4324 romili
1181 4285 1259 4324 more
1280 4284 1366 4348 quam
1381 4285 1434 4350 ge·

115 4369 306 4435 melicraton
320 4367 434 4434 bibere.
459 4411 465 4418 -
810 4391 878 4432 nere
891 4391 952 4430 erse
960 4361 1122 4445 uidemur]
1145 4367 1191 4429 Ne
1205 4364 1273 4450 qula
1286 4366 1436 4434 existime-
1503 4371 1511 4388 “

168 4479 293 4540 wuito
314 4493 404 4563 caput
422 4471 588 4558 obdtoecrt‘t]
604 4473 754 4540 Foemlnoe
811 4483 870 4552 ret,
883 4471 1021 4555 reginam
1032 4487 1133 4534 mem
1146 4469 1304 4536 tntillum
1317 4491 1381 4538 non
1397 4491 1435 4540 ex

118 4581 234 4646 ὥστε
253 4579 562 4668 habebantqumdam
581 4579 690 4667 eapitis
709 4591 755 4644 te·
813 4576 890 4642 vitio
917 4575 1052 4660 generiq·
1071 4573 1129 4670 ced
1161 4575 1252 4662 culp·
1284 4577 1436 4663 υςιωιιι

118 4698 289 4774 gemente,
308 4685 418 4773 quibus
442 4707 513 4752 cum
532 4697 672 4752 carerent
692 4703 756 4750 rer-
813 4678 1437 4774 mmmmm-mmmcmlii»-

120 4816 194 4872 ιω,
221 4793 279 4858 tub
301 4794 374 4858 tire
399 4791 514 4880 frigido
541 4803 635 4880 rapat
660 4788 756 4878 putto
814 4785 1436 4874 letbm,matremreginebdlolu'naem·

119 4897 284 4964 obducere
303 4899 500 4988 cogebantur.
817 4905 903 4982 ptam
919 4881 1011 4982 at'qm
1024 4891 1119 4978 ‘mitur
1131 4911 1258 4960 ιιιιιιιι.
1282 4975 1286 4988 ¹
