3442 5456
368 296 442 371 att
704 294 878 366 tttsTOtt.
906 291 1010 364 DAN.
1038 291 1174 362 LIBER
1202 291 1258 362 Vl.

245 543 246 548 ¹
321 529 386 584 tur.
437 509 552 605 Cujus
575 521 647 578 tam
667 502 736 574 late
760 517 884 599 patens
900 499 1041 576 claritas
1057 501 1136 594 fuit,
1160 517 1200 578 ut
1222 496 1345 574 adhuc
1367 499 1618 599 quoquecele-

320 636 475 707 berrima
490 629 664 702 factomm
679 627 759 723 ejus
774 649 816 696 ac
829 625 983 698 nominis
998 625 1119 722 opinio
1138 637 1353 721 perseveret.
1402 628 1526 721 Neque
1539 628 1619 696 coint

319 757 438 834 solum
464 749 564 850 apud
592 765 733 824 nostros
760 752 911 845 egregiis
941 771 1093 844 operum
1118 744 1226 820 titulis
1240 745 1483 837 coruscabat,
1508 771 1621 820 verum

319 882 427 955 etiam
442 873 543 974 apud
560 865 878 948 omnesSveonum
889 873 1143 968 saxonumque
1156 869 1358 968 provincias
1378 871 1622 966 speciosissima

320 1003 387 1082 sibi
401 1010 631 1073 monumenta
645 1007 842 1090 pepererat.
894 995 1049 1064 Huncin
1066 1017 1109 1066 ea
1124 991 1282 1088 regione,
1309 1016 1393 1088 quae
1408 992 1560 1064 Svetiam
1580 991 1621 1064 ab

320 1127 454 1197 oriente
475 1115 758 1214 complectitur¹,
791 1137 976 1210 quamque
989 1138 1086 1186 nunc
1100 1117 1274 1186 Estonum
1299 1111 1524 1214 aliarumque
1540 1141 1622 1214 gen-

319 1250 408 1322 tium
427 1263 619 1319 numerosa
642 1235 829 1310 barbaries
854 1231 933 1308 latis
957 1233 1105 1310 sedibus
1127 1251 1240 1325 tenet,
1282 1237 1457 1335 originem
1481 1235 1623 1324 duxisse,

319 1371 501 1442 memoriae
516 1359 701 1462 proditum
723 1373 870 1431 constat.
923 1357 1105 1444 Fabulosa
1122 1373 1290 1430 autemst
1314 1358 1472 1457 vulgaris
1490 1361 1621 1457 opinio²

320 1489 489 1590 quaedam
505 1511 617 1583 super
631 1483 740 1580 ipsius
755 1495 835 1550 ortu
863 1482 990 1552 rationi
1013 1483 1286 1553 inconsentanea
1311 1497 1421 1578 atque
1437 1507 1460 1552 a
1475 1488 1547 1558 veri
1562 1479 1625 1554 fide

318 1619 460 1711 penitus
481 1609 594 1682 aliena
612 1605 787 1677 confinxit.
851 1601 1012 1674 Tradunt
1028 1604 1122 1676 enim
1144 1602 1304 1700 quidam,
1330 1602 1431 1701 quod
1457 1628 1479 1674 a
1505 1607 1623 1702 gigan-

320 1737 416 1810 tibus
447 1731 562 1804 editus
588 1729 803 1798 monstruosi
821 1727 960 1822 generis
984 1723 1147 1796 habitum
1171 1728 1335 1798 inusitata
1365 1751 1540 1818 manuum
1560 1753 1624 1798 nu-

320 1861 523 1931 merositate
554 1849 764 1949 prodiderit,
797 1863 1042 1942 asseruntque,
1067 1844 1168 1918 'l‘hor
1190 1846 1300 1918 deum
1326 1865 1486 1945 quatuor
1506 1875 1549 1922 ex
1570 1848 1625 1936 his,
1668 1942 1670 1956 .

320 1979 499 2054 affluentis
520 1991 657 2046 naturae
682 1973 764 2046 vitio
790 1979 1018 2067 procreatas,
1061 1969 1155 2044 elisis
1176 1996 1370 2080 nervorum
1399 1951 1625 2072 compagibus

321 2101 503 2186 avulsisse,
522 2113 631 2195 atque
655 2095 702 2168 ab
716 2096 911 2192 integritate
924 2094 1086 2190 corporis
1104 2091 1320 2192 prodigiales
1335 2093 1531 2192 digitorum
1548 2121 1624 2168 cru·

321 2233 390 2300 isse
414 2220 643 2319 complexus,
668 2225 717 2290 ita
740 2233 790 2306 ut,
805 2215 950 2288 duabus
964 2231 1100 2288 tantum
1118 2215 1255 2308 relictis,
1281 2241 1424 2314 corpus,
1438 2217 1544 2314 quod
1557 2235 1626 2290 ante

320 2356 354 2420 in
372 2349 545 2447 giganteae
561 2339 766 2442 granditatis
784 2355 915 2412 statum
931 2337 1117 2410 effluxerat
1143 2341 1298 2436 ejusque
1325 2338 1482 2412 formam
1496 2339 1626 2412 inforrni

319 2472 568 2548 membrorum
587 2461 811 2537 multitudine
834 2460 1124 2560 repraesentabat,
1148 2460 1381 2558 postmodum
1403 2447 1557 2538 meliore
1572 2487 1627 2537 ea-

320 2603 489 2696 stigatum
503 2585 694 2665 simulacro
709 2585 891 2658 brevitatis
907 2582 1074 2656 humanae
1090 2582 1240 2657 modulo
1262 2601 1461 2682 caperetur.

455 2714 550 2786 Olim
573 2715 666 2786 enim
685 2705 833 2813 quidam
855 2711 1005 2804 magicae
1025 2707 1109 2779 artis
1125 2705 1264 2796 imbuti,
1291 2705 1392 2779 Thor
1415 2707 1581 2784 videlicet
1602 2725 1628 2780 et

325 2841 480 2916 Othinus
514 2834 646 2932 aliique
681 2827 886 2940 complures
908 2827 1071 2900 miranda
1092 2831 1354 2928 praestigiorum
1380 2831 1631 2906 machinatione

322 2963 500 3052 callentes,
525 2953 678 3029 obtentis
694 2950 911 3050 simplicium
928 2953 1065 3044 animis,
1084 2951 1272 3026 divinitatis
1291 2932 1361 3026 'sthi
1374 2944 1562 3053 fastigium
1574 2979 1629 3026 ar-

321 3109 451 3186 rogare
475 3093 672 3178 coeperunt
736 3077 882 3172 Quippe
897 3076 1125 3172 Norvagianr,
1150 3076 1305 3160 Svctiam
1321 3099 1375 3150 ac
1387 3079 1557 3164 Daniam,
1572 3103 1630 3148 va-

320 3211 474 3281 nissimae
489 3199 707 3312 credulitatis
723 3197 860 3296 laqueis
876 3199 1144 3288 circumventas,
1170 3194 1217 3270 ad
1232 3195 1349 3272 cultus
1371 3197 1440 3272 sibi
1456 3199 1631 3298 pendendi

209 3371 213 3380 ¹
322 3329 482 3406 studium
500 3327 729 3411 concitantes,
751 3323 938 3418 praecipuo
954 3319 1205 3394 ludificationis
1220 3343 1296 3392 suae
1310 3328 1478 3422 contagio
1492 3350 1633 3423 resper-

320 3466 453 3528 serunt
511 3446 613 3520 Adeo
633 3468 792 3542 namque
809 3441 958 3519 fallaciae
974 3469 1100 3518 eorum
1122 3442 1269 3516 effectus
1285 3446 1516 3540 percrebuit,
1542 3465 1582 3520 ut
1603 3453 1632 3517 in

321 3577 407 3674 ipsis
439 3574 556 3644 caeteri
584 3566 766 3668 quandam
803 3566 988 3640 numinum
1011 3567 1205 3664 potentiam
1230 3584 1461 3662 venerantes,
1504 3591 1633 3668 eosque

319 3694 410 3768 deos
434 3690 492 3766 vel
512 3689 663 3763 deorum
688 3684 880 3784 complices
906 3703 1149 3780 autumantes,
1184 3687 1437 3768 veneficiomm
1475 3695 1630 3766 auctori-

319 3813 391 3888 bus
407 3809 567 3888 solennia
584 3828 668 3884 vota
684 3806 941 3906 dependerent,
968 3827 1004 3884 et
1029 3813 1140 3882 errori
1164 3810 1337 3909 sacrilego
1354 3833 1564 3912 respectum
1577 3841 1632 3887 sa-

320 3939 389 4012 cris
404 3935 566 4036 debitum
591 3929 807 4005 exhiberent.
872 3933 953 4025 Quo
979 3935 1104 4024 evenit,
1120 3947 1161 4005 ut
1176 3930 1331 4034 legitima
1344 3935 1522 4013 feriarum
1537 3940 1634 4013 series

366 4233 420 4294 'fn
431 4255 468 4294 co
479 4231 611 4314 regmae,
625 4228 822 4312 quaSuett'om
836 4230 873 4292 ab
887 4233 947 4292 ori·
1055 4229 1225 4293 ²Fabuloro
1241 4245 1271 4292 et
1283 4231 1418 4313 vulgara
1427 4230 1549 4318 opinio]
1564 4232 1635 4325 Qun

318 4353 384 4398 ente
407 4330 620 4422 complectitur]
645 4331 814 4418 Regionetn
835 4334 947 4396 inteili-
1008 4333 1058 4396 ltic
1073 4348 1178 4398 noster
1195 4334 1235 4397 ad
1252 4333 1386 4398 fabulam
1409 4337 1572 4419 vulgarem
1593 4354 1636 4398 rt·

319 4441 365 4522 git
382 4453 497 4518 noster,
512 4461 603 4523 quom
618 4441 735 4502 Snorro
751 4440 782 4500 in
797 4439 886 4502 initio
901 4439 947 4500 hi·
1008 4437 1086 4519 fert,
1108 4437 1213 4502 eadem
1229 4453 1316 4518 sunt,
1345 4461 1415 4524 quae
1437 4444 1587 4527 leguntur
1606 4443 1634 4502 in

320 4545 422 4606 storias
437 4547 616 4629 Norragicte
633 4556 720 4608 vocat
733 4547 871 4638 Sveciam
885 4567 947 4606 ma·
1007 4549 1232 4630 Herrararsaga
1253 4570 1283 4632 p.
1308 4540 1381 4625 4-6,
1403 4559 1437 4610 et
1451 4548 1487 4608 in
1510 4547 1635 4612 historia

321 4657 413 4732 gnam
435 4650 498 4712 sire
517 4650 672 4735 frigidam,
692 4663 805 4714 terram
828 4650 945 4714 scilicet
1006 4651 1146 4715 Gtithrici
1168 4653 1249 4736 regis
1271 4649 1374 4738 capi
1398 4651 1635 4731 (Fornaldarsr'r

320 4752 486 4834 mythicam
508 4757 666 4840 gigantum
686 4759 749 4820 sire
764 4755 941 4820 Jotunlrcim
1005 4777 1063 4841 gur
1077 4759 1138 4824 vol.
1157 4756 1221 4840 31».
1233 4755 1274 4820 32
1291 4756 1388 4841 sequ.)
1414 4755 1486 4820 Vid.
1508 4773 1575 4822 not.
1589 4757 1634 4818 nb.

319 4857 395 4936 (vid.
410 4869 472 4920 not.
486 4859 585 4938 uber.)
1253 4859 1255 4868 '
