3442 5456
688 299 866 369 stanno
1017 285 1023 300 ’
1308 295 1377 368 261

252 511 294 580 dt
310 510 461 606 juvenes
486 507 670 580 latrocinio
689 507 851 578 viciniam
877 511 1050 578 incessere
1066 505 1170 595 soliti,
1195 531 1341 606 magnas
1354 531 1428 580 sae·

116 653 165 724 pe
179 643 314 728 strages
332 629 496 704 edebant.
548 628 714 728 Populari
732 644 889 724 penates,
912 643 1072 700 armenta
1095 634 1261 719 sternere,
1276 629 1429 730 diripere

114 751 256 840 omnia,
287 751 464 850 ingentem
488 776 594 852 agere
618 748 790 848 praedam,
806 748 983 848 ¹spoliatas
1014 750 1126 822 rebus
1149 748 1245 824 aedes
1269 777 1429 844 exurere,

114 899 231 948 mares
245 876 379 974 passim
404 899 488 948 cum
512 861 677 946 foeminis¹
696 871 933 960 obtruncare,
949 871 1132 968 probitatis
1155 870 1237 946 loco
1266 891 1427 947 curatum

68 983 77 992 ⁸
112 1014 178 1072 est.
233 1001 398 1090 Quorum
412 994 648 1092 improvidam
662 991 851 1066 Fridlevus
875 997 1107 1090 irruptionem
1125 997 1314 1092 excipiens,
1343 1023 1428 1069 onr-

111 1143 177 1192 nes
201 1118 249 1191 ad
273 1123 532 1190 munimentum
567 1118 716 1218 refugos
743 1122 825 1216 egit,
859 1130 1038 1212 occupato
1061 1117 1267 1188 eximiarum
1300 1122 1428 1193 virium

110 1265 224 1339 equo,
247 1263 359 1337 quem
377 1263 539 1336 praeceps
557 1255 654 1312 metu
669 1262 805 1326 sessor,
846 1235 1067 1310 maturandae
1083 1237 1178 1334 fugae
1191 1241 1313 1338 gratia,
1340 1243 1427 1314 citra

110 1385 256 1436 amnem
282 1361 443 1435 relictum
467 1379 614 1460 pontem
637 1385 760 1434 secum
778 1361 940 1458 trajicere
965 1385 1039 1434 non
1064 1359 1232 1435 audebat.
1290 1362 1428 1436 Deinde

109 1486 246 1584 siquis
272 1483 422 1558 fratrum
448 1481 593 1556 illorum
610 1485 820 1581 quempiam
836 1485 1073 1572 interemisset,
1099 1473 1269 1557 interfecti
1293 1509 1426 1625 corpus

110 1629 202 1680 auro
226 1631 265 1680 se
281 1631 517 1704 repensurum
536 1604 650 1678 edixit
711 1601 837 1696 Qua
806 1629 871 1701 spe
896 1601 1042 1700 quidani
1060 1611 1240 1704 regiorum
1263 1600 1425 1706 pogdimr

107 1730 254 1818 incitati,
275 1751 342 1800 nec
357 1745 429 1800 tam
448 1731 612 1818 avaritiae,
636 1752 746 1826 quam
760 1727 896 1798 virtutis
917 1724 1047 1798 ardore
1071 1735 1235 1828 correpti,
1250 1745 1425 1826 convento

108 1853 213 1924 tacite
229 1849 409 1935 Fridlevo,
432 1875 581 1948 operam
613 1873 652 1922 se
681 1849 826 1922 facinori
850 1847 994 1922 daturos
1019 1851 1244 1947 promittunt,
1277 1849 1425 1924 salutem

106 1970 311 2046 admodum
343 1972 585 2063 devoventes,
613 1974 648 2042 ni
674 1987 796 2044 trunca
823 1969 1037 2067 praedonum
1076 1974 1190 2070 capita
1219 1973 1425 2046 retulissent.

106 2100 273 2188 Quorum
298 2093 489 2196 Fridlevus
511 2097 637 2166 virtute
663 2111 697 2164 et
719 2095 953 2191 promissione
974 2088 1128 2183 laudata,
1154 2095 1292 2169 arbitris
1308 2121 1424 2194 expe-

105 2235 206 2290 ctare
219 2219 337 2314 jussis,
359 2214 438 2289 solo
456 2231 642 2288 contentus
662 2217 790 2288 comite
815 2229 924 2287 noctu
951 2211 1099 2287 fluvium
1116 2219 1208 2314 petit.
1267 2221 1317 2290 Ne
1333 2221 1424 2290 enim

105 2339 233 2414 alienis
253 2363 362 2438 quam
379 2340 536 2438 propriis
564 2336 701 2410 viribus
723 2338 924 2412 instructior
947 2335 1138 2426 videretur,
1154 2337 1324 2414 auxilium
1350 2343 1425 2412 vir—

106 2478 182 2534 tute
199 2485 421 2560 praecurrere
437 2462 563 2534 statuit.
617 2463 698 2530 Post
720 2455 799 2532 lrtcc
816 2465 977 2531 comitem
996 2459 1124 2532 crebro
1140 2477 1329 2534 contusum
1345 2461 1424 2534 sili-

104 2609 147 2657 ce
168 2586 392 2675 exanimavit,
419 2585 610 2681 injecitque
626 2605 788 2680 exangue
803 2580 907 2653 undis
925 2604 1078 2680 eorpus,
1106 2589 1161 2656 cni
1179 2589 1281 2656 etiam
1298 2582 1423 2656 detra-

103 2724 203 2780 ctum
223 2705 292 2779 sibi
308 2705 442 2780 cultum
462 2703 641 2804 applicuit,
661 2702 822 2800 ejusdem
838 2687 984 2776 exuvias
1002 2709 1220 2795 mutuatus¹,
1244 2723 1283 2778 ut
1301 2707 1423 2778 intuito

102 2827 283 2902 cadavere
310 2827 565 2927 periclitationis
588 2827 692 2924 regiae
718 2829 852 2922 species
871 2825 1022 2900 daretur.
1087 2831 1297 2901 'lomentum
1322 2853 1423 2925 quo-

101 2975 192 3049 que,
210 2948 314 3049 quod
332 2975 416 3022 enm
433 2966 586 3040 vexerat,
601 2947 715 3021 elicito
732 2947 779 3020 de
796 2948 965 3022 industria
982 2974 1108 3022 cruore
1122 2955 1325 3046 conspersit,
1353 2975 1422 3020 eo-

101 3075 192 3148 dem
218 3089 333 3146 castra
350 3087 530 3170 repetente
553 3071 648 3144 necis
666 3095 742 3146 suae
759 3070 868 3144 fidem
892 3074 1059 3146 facturus.
1120 3069 1258 3144 Deinde
1274 3070 1424 3144 calcari-

101 3199 193 3270 bus.
208 3193 359 3268 subditis
388 3191 514 3266 mediis
546 3217 680 3291 equum
713 3193 906 3266 vorticibus
938 3162 1064 3294 adegit,
1089 3219 1226 3293 eoque,
1253 3211 1424 3292 superato

100 3344 224 3408 amne,
239 3316 444 3416 delapsus2,
462 3332 674 3414 praetentum
693 3320 911 3388 nranimento
928 3313 1061 3390 vallum
1076 3343 1142 3414 per
1154 3317 1395 3416 subjectas
1352 3343 1423 3388 ar-

98 3445 181 3544 geri
201 3437 316 3514 scalas
340 3436 588 3512 transcendere
604 3436 810 3512 conabatur.
856 3445 899 3510 At
916 3437 980 3511 ubi
996 3465 1151 3537 superne
1167 3456 1312 3515 erectus
1330 3465 1424 3538 pro-

98 3560 309 3664 pugnacula
344 3585 453 3632 manu
476 3558 663 3658 complecti
701 3577 858 3658 poterat,
892 3560 988 3635 illato
1017 3564 1116 3636 tacite
1148 3561 1257 3661 pede,
1296 3561 1424 3651 ardeam

98 3709 216 3786 quam
243 3681 518 3756 comessabondi
547 3680 737 3780 praedones
767 3679 977 3774 insederant,
1000 3687 1133 3785 ignaris
1154 3685 1331 3788 vigilibus,
1355 3686 1422 3760 levi

100 3915 253 3984 turinter
270 3919 406 4004 gigantes
432 3915 462 3978 in
480 3913 568 3978 Edda
588 3918 735 3980 Snorron.
797 3932 868 3995 etae,
898 3918 1002 3984 itidem
1018 3921 1193 3982 vestimenta
1210 3933 1334 4000 notant,
1356 3941 1425 4008 qnsn

98 4027 150 4090 cd.
164 4024 272 4087 Rasltii
294 4047 324 4108 p.
339 4020 409 4084 tlt.
458 4024 491 4083 lu
512 4015 735 4086 narrationibus
796 4039 954 4087 exuuntur.
1006 4025 1423 4107 liaesignilicationcsolenv

97 4129 295 4194 blandorum
308 4127 454 4192 fabulosis
465 4126 624 4190 delletillo
634 4133 735 4212 Harog
796 4131 855 4192 boc
871 4129 1048 4193 vocabulum
1063 4146 1188 4216 usurpat
1204 4145 1294 4194 autor
1308 4145 1423 4200 noster,

98 4231 207 4322 oap.5
223 4246 255 4297 et
268 4233 411 4300 deOrmo
424 4233 489 4298 tilio
504 4233 631 4297 Storolli
641 4237 733 4311 (For
794 4249 826 4296 ut
846 4235 898 4297 lib.
910 4239 982 4302 XIV
996 4239 1115 4298 exuvias
1139 4235 1301 4300 absolonis
1321 4259 1338 4298 a
1360 4257 1424 4298 rnu-

97 4341 309 4424 manuathur
331 4343 393 4404 vol.
414 4343 454 4404 lll
479 4363 509 4424 p.
524 4339 600 4419 929)
622 4351 653 4402 et
679 4359 733 4402 no·
795 4342 879 4405 ribus
894 4361 1032 4404 corrosas
1049 4341 1153 4404 tradit.
1172 4341 1224 4419 (S)

97 4467 175 4510 men
188 4441 288 4523 Ofoti,
302 4463 357 4508 ceu
372 4446 512 4531 gigantis,
525 4444 648 4508 etsodea
657 4445 732 4528 ejus,
840 4456 852 4486 ²
873 4445 1031 4533 Delapsus]
1056 4451 1145 4533 Equo
1168 4446 1267 4508 delabi
1287 4447 1316 4509 lr.
1340 4447 1358 4507 l.
1377 4461 1422 4509 est

97 4547 336 4634 Ofotanaliord,
357 4565 532 4617 occurrunt.
554 4577 557 4586 ¹
795 4574 875 4637 equo
896 4551 1078 4616 descendere
1099 4565 1129 4614 et
1151 4573 1184 4614 se
1211 4553 1243 4614 in
1271 4553 1363 4640 pedes
1383 4555 1423 4615 si-

149 4663 306 4722 *Eauuiar
320 4657 484 4740 inornatas]
506 4659 592 4722 Siout
608 4659 732 4722 rirdoorir
794 4671 884 4721 stare.
915 4659 1053 4722 Valerius
1067 4657 1213 4720 Maximus
1232 4657 1283 4720 lib.
1301 4661 1339 4721 ill
1357 4679 1422 4744 cap.

97 4765 139 4830 ab
171 4761 343 4843 induendo,
371 4765 450 4827 unde
471 4767 653 4836 mdumenta,
681 4785 732 4828 ve·
793 4763 823 4838 3,
839 4759 874 4826 S:
894 4765 1278 4849 Ronrarrn'jrraeatureqat‘s
1302 4767 1422 4852 delapsa

96 4872 264 4948 stimenta,
283 4872 324 4934 ila
346 4879 455 4936 exaurit
480 4869 517 4934 ab
533 4870 670 4934 exuendo
688 4869 733 4933 tll·
794 4899 823 4934 se
843 4878 935 4959 ipsam
948 4877 1132 4934 centuriauit.
1155 4869 1203 4952 (S)
