3442 5456
686 278 868 348 HlARNO.
1302 280 1376 352 263

110 488 170 582 jus
186 487 238 556 rei
256 481 496 582 indignatione
511 490 665 581 permoti
691 485 845 585 pugiles,
870 491 931 582 qui
958 483 1128 560 Fridlevo
1157 509 1273 583 nuper
1294 483 1424 560 delen-

110 603 245 680 dorum
263 605 478 705 praedonum
493 632 616 680 curam
636 607 921 706 spoponderant,
948 625 1171 706 praerupium
1194 631 1298 705 aquae
1320 616 1424 704 peri-

108 727 235 803 culum
251 727 478 819 accedebant,
504 754 549 802 ne
565 733 809 828 promissionis
827 731 989 830 ‚gloriam
1009 729 1186 804 timidiora
1209 734 1279 802 voti
1305 728 1424 828 negli-

106 853 228 948 gentia
251 875 457 950 respergere
480 849 692 925 viderentur.
765 857 929 946 Quorum
960 855 1077 926 caeteri
1100 850 1268 926 fiduciam
1290 853 1424 944 imitati,

106 979 189 1069 pari
210 972 377 1070 cupidine
398 972 550 1048 fluvium
579 990 722 1070 petunt,
755 981 789 1046 ni
820 1001 942 1074 regem
957 974 1241 1064 ulciscerentur,
1268 991 1425 1049 extrema

106 1095 261 1191 passuri.
329 1095 471 1188 Quibus
497 1098 591 1184 visis,
609 1096 798 1170 Fridlevus
821 1113 968 1194 pontem
990 1098 1181 1170 continenti
1203 1098 1424 1184 committere

104 1219 337 1314 properavit,
361 1219 581 1316 receptisque
608 1217 794 1317 pugilibus
820 1221 936 1318 prima
961 1219 1085 1318 vigiles
1109 1219 1303 1315 irruptione
1329 1241 1423 1315 pro-

105 1343 242 1422 sternit.
303 1338 480 1414 Residuos
497 1365 646 1439 quoquo
665 1357 924 1438 consequenter
940 1339 1096 1432 adortus,
1121 1341 1297 1414 Bittrnone
1312 1363 1423 1410 exce-

106 1479 185 1560 pto,
211 1462 308 1534 lerrc
326 1468 556 1560 consumpsit.
614 1468 729 1557 Quem
752 1464 958 1562 impensiori
987 1464 1166 1538 curatione
1182 1487 1202 1536 e
1217 1459 1424 1534 vulneribus

104 1598 326 1675 recreatum,
360 1584 430 1661 sub
454 1610 564 1660 sacrae
591 1586 835 1666 obtestationis
858 1588 1025 1684 pignore,
1066 1585 1244 1682 collegam
1267 1580 1424 1670 adscivit,

105 1731 295 1804 operaque
320 1707 399 1802 ejas
438 1710 489 1780 uti
520 1731 630 1805 quam
655 1710 759 1780 exitio
782 1708 922 1808 gloriari
946 1715 1056 1784 satius
1075 1708 1183 1782 duitit.
1235 1705 1423 1805 Indignum

104 1853 260 1926 quoque
280 1828 472 1918 asserebat,
491 1845 596 1902 tautae
615 1828 828 1904 fortitudinis
850 1829 978 1904 llorem
1003 1837 1119 1929 prima
1137 1831 1325 1930 pubertate
1351 1826 1422 1900 de-
1543 1869 1546 1876 ·

105 1965 275 2048 carptum
291 1951 536 2048 intempestiva
551 1953 654 2026 tumis
671 1950 773 2026 clade
796 1956 970 2025 consumi.

240 2073 334 2142 Dani
360 2098 457 2164 vero,
479 2073 684 2148 Fridlevum
707 2074 955 2148 adventantem
969 2077 1119 2172 experti,
1145 2077 1250 2172 cujus
1267 2075 1423 2171 jampri-
1450 2070 1454 2085 ’

103 2194 190 2266 dem
208 2193 347 2266 obitum
363 2193 454 2267 salso
476 2194 671 2270 didicerant
695 2201 845 2289 nuncio,
861 2201 988 2290 missis,
1019 2199 1083 2294 qui
1099 2223 1182 2270 eum
1198 2211 1424 2286 arcesserent,

102 2320 325 2392 Hiarnonem
350 2343 463 2417 regno
487 2317 616 2392 cedere
642 2318 790 2415 jubent,
826 2316 926 2417 quod
945 2323 1064 2416 ipsum
1087 2322 1250 2416 precario
1270 2343 1312 2390 ac
1332 2344 1423 2415 per-

104 2439 284 2514 functorie
301 2464 426 2537 gerere
442 2438 632 2516 videretur.
686 2444 756 2534 Qui
770 2438 1013 2514 tantobonore
1031 2439 1177 2539 delungi
1194 2465 1267 2514 non
1283 2463 1423 2536 passus,

102 2565 268 2659 spiritum
287 2587 355 2658 pro
370 2561 483 2660 gloria
500 2589 649 2664 erogare
669 2589 780 2662 quarn
796 2569 831 2634 in
849 2563 1038 2636 obscuram
1056 2561 1156 2660 vulgi
1184 2577 1316 2634 sortem
1329 2586 1423 2632 con-

103 2683 237 2756 cedere
253 2686 477 2782 praeoptavit.
528 2687 782 2779 Quamobrem,
803 2713 846 2758 nc
854 2690 959 2786 regiis
981 2681 1181 2758 honoribus
1198 2683 1324 2756 erutus
1341 2687 1424 2780 pri-

101 2812 239 2882 stinum
251 2805 406 2880 lortunae
424 2806 588 2881 habitum
605 2811 764 2906 recipcre
780 2827 980 2908 cogeretur,
1007 2823 1218 2904 praeseutern
1236 2807 1343 2878 armis
1361 2811 1423 2878 tu-'

102 2931 157 3002 eri
187 2933 374 3002 constituit.
457 2935 580 3028 ltaque
603 2930 750 3004 dividua
783 2935 883 3030 regio
911 2931 1102 3027 praeruptis
1129 2929 1423 3019 consternationis
1512 2992 1516 3001 .

101 3051 267 3125 motibus
287 3052 471 3149 agebatur.
530 3053 597 3126 Alii
622 3053 801 3152 siquidem
818 3052 866 3124 ab
882 3054 1072 3126 Hiarnonis
1091 3049 1255 3149 partibus
1273 3050 1424 3138 stabant,

101 3175 165 3246 alii
189 3177 218 3244 F
221 3171 343 3246 ridlevi
368 3172 476 3246 titulis
503 3173 553 3248 ob
578 3177 719 3272 egregia
742 3174 930 3246 Frotlronis
951 3175 1075 3246 merita
1098 3171 1298 3270 adstipulati
1331 3187 1423 3262 sunt,

102 3278 339 3393 haerebatque
360 3295 456 3394 vulgi
481 3295 617 3371 discors
643 3297 871 3396 suffragium,
912 3294 969 3369 his
992 3301 1221 3392 praesentium
1247 3293 1424 3382 habitum,

102 3419 174 3490 illis
199 3424 463 3516 praeteritorum
486 3425 696 3492 memoriam
722 3419 982 3490 venerantibus.
1050 3407 1341 3516 Praepontlcr'avit
1364 3433 1424 3488 ta-

105 3568 194 3616 men
212 3537 458 3613 Frothonianre
474 3539 733 3618 recordationis
756 3543 914 3632 intuitus,
946 3547 1099 3642 ejusque
1122 3546 1277 3616 suavitas
1300 3540 1422 3638 majo-

104 3691 184 3770 rem
204 3661 373 3736 Fridlevo
396 3661 528 3738 favoris
553 3682 688 3762 partem
710 3664 916 3738 conciliavit.
969 3663 1134 3764 Plerique
1158 3668 1264 3754 enim,
1289 3661 1424 3762 quibus

103 3787 215 3860 altior
239 3809 363 3858 sensns
386 3786 543 3879 extabat,
569 3794 709 3860 rusticae
736 3787 944 3860 conditionis
966 3784 1160 3878 hominem,
1187 3785 1417 3885 quanquam¹

101 3909 152 3982 ad
169 3911 389 4004 insperatum
407 3934 528 3982 rerum
545 3909 689 3982 culmen
703 3927 835 4008 praeter
857 3914 997 4008 generis
1013 3912 1071 4007 jus
1087 3909 1166 3982 solo
1185 3909 1338 3981 fortunae
1352 3906 1424 3978 be·

101 4020 237 4103 aeficio
261 4031 498 4124 pervenisset,
531 4057 642 4130 regno
668 4032 960 4106 submovendum
985 4032 1196 4121 censebant,
1229 4055 1275 4101 ne
1300 4051 1425 4100 verum

102 4153 256 4224 honoris
273 4147 454 4222 haeredem
480 4152 696 4226 adulterinus
714 4179 900 4252 possessor
923 4153 1075 4226 elideret.
1136 4149 1323 4224 Fridlevns
1338 4150 1425 4221 vero

101 4277 293 4347 Danorum
317 4269 455 4369 legatos
475 4271 591 4346 redire
604 4275 718 4374 jubet,
743 4279 959 4349 Hiarnonem
982 4291 1042 4347 aut
1063 4301 1211 4376 regnum
1242 4271 1425 4369 deponere

102 4414 168 4471 aut
189 4399 265 4468 acie
286 4424 410 4472 secum
427 4401 618 4498 confligere
635 4415 835 4498 rogaturos.
901 4402 945 4470 At
962 4401 1094 4468 Hiarno
1112 4396 1202 4468 lucis
1219 4391 1423 4467 ariditatem

103 4521 239 4594 honori
270 4522 444 4596 anteferre
476 4521 702 4619 salutemque
743 4521 866 4620 glorian
901 4517 1089 4616 dispendio
1123 4542 1286 4617 quaerere
1313 4532 1426 4591 morte

103 4644 237 4717 tristius
252 4659 360 4730 ratus,
390 4643 480 4716 dnm
498 4643 595 4716 bello
610 4648 637 4715 F
641 4643 815 4717 ridlevum
831 4644 965 4739 excipit,
988 4647 1021 4712 in
1037 4645 1166 4714 iutinrn
1183 4640 1332 4712 obtritus
1352 4664 1424 4712 au-

155 4847 318 4906 'l'ot·lasse
334 4844 391 4926 leg.
410 4848 552 4927 quereiam·
575 4846 655 4927 (Mb)
