3506 5458
422 319 499 395 468
764 322 939 392 HISTOR.
962 321 1068 394 DAN.
1086 323 1223 396 LIBER
1240 325 1300 396 tx.

505 530 621 605 Huius
640 527 735 604 lilius
751 533 923 624 Gormo¹,
948 537 1017 622 cui,
1036 531 1136 631 quod
1160 558 1202 606 ex
1216 532 1342 633 Anglla
1365 529 1530 608 oriundus
1548 539 1640 624 extitit,

373 651 511 753 Anglici
536 677 739 751 cognomen
767 656 927 748 incessit,
966 671 1067 753 patre
1092 657 1262 747 extincto,
1287 657 1504 754 promptiore
1527 655 1641 728 lurtum

374 801 485 875 quam
504 773 745 866 diuturniore,
770 775 871 876 apud
897 777 1071 852 insulam²
1105 779 1238 876 regiam
1266 775 1417 875 adeptus
1446 793 1497 851 est
1519 783 1639 850 arceml·

373 903 471 971 Dum
495 899 590 970 enim
615 899 768 969 Daniam
793 897 1025 997 disponendae
1049 902 1128 999 ejus
1153 905 1265 999 gotia
1295 901 1440 998 petisset
1475 923 1515 970 ex
1534 898 1639 996 Angla,

346 1019 521 1118 ·longam
540 1015 682 1117 parvuli
709 1043 869 1094 secessus
892 1023 1065 1120 jacturam
1093 1037 1260 1119 experms
1276 1035 1339 1094 est
1397 1023 1535 1116 Quippe
1553 1019 1638 1116 Angli,

373 1143 542 1218 libertatis
568 1165 644 1215 suae
660 1140 839 1216 fortunam
858 1145 893 1214 in
912 1146 992 1242 ejus
1011 1145 1170 1216 absentia
1190 1157 1425 1240 reponentes,
1456 1137 1638 1238 publicana

371 1268 485 1340 Danis
501 1263 737 1336 defectionem
763 1264 944 1338 moliendo
969 1272 1188 1366 praecipitem
1216 1262 1412 1339 rebellandi
1435 1262 1581 1334 fiduciam
1593 1263 1637 1329 in·

373 1387 537 1461 duerunt.
589 1384 659 1456 Sed
676 1411 752 1483 quo
770 1411 853 1459 eum
867 1387 992 1490 Anglia
1008 1389 1221 1462 inridentius
1239 1389 1391 1485 sprevit,
1416 1384 1484 1456 boo
1498 1381 1636 1454 Danieli·

373 1509 515 1582 dontius
531 1507 649 1580 coluit.
711 1513 834 1608 ltaque
857 1510 946 1583 dnm
969 1510 1016 1584 ad
1038 1511 1190 1584 duarum
1211 1509 1475 1608 provinciarum
1489 1523 1637 1599 utramque

374 1630 498 1703 aridas
516 1631 652 1727 imperii
672 1655 800 1703 manus
819 1639 991 1730 porrexit,
1022 1633 1131 1706 altera
1145 1636 1296 1731 potitus,
1329 1630 1470 1704 alterius
1492 1634 1635 1698 irrevoca-

373 1755 490 1828 biliter
507 1751 784 1828 dominationem
803 1758 929 1844 amisit,
953 1754 1041 1829 nihil
1056 1782 1218 1855 unquam
1245 1753 1382 1827 fortiter
1404 1775 1472 1850 pro
1484 1751 1635 1848 ipsiusre-

374 1883 605 1976 cuperatione
619 1892 778 1950 conatus.
839 1875 939 1950 Adeo
963 1877 1103 1952 difficile
1119 1876 1344 1976 praegrandia
1370 1869 1635 1947 continenturiu-

373 2005 482 2099 peria.
1093 2093 1100 2102 ⁹

417 2167 420 2173 -
506 2123 589 2194 Post
611 2145 719 2218 quem
746 2121 841 2195 filius
871 2124 952 2220 ejus
968 2123 1169 2196 Haraldus⁴
1194 2124 1319 2194 Daniae
1341 2135 1505 2218 regnator
1524 2115 1637 2192 beust

373 2243 423 2317 ob
437 2241 509 2317 hoc
525 2240 671 2342 quidem
688 2242 909 2316 obscurioris
928 2244 1027 2341 apud
1042 2261 1206 2344 posteros
1222 2245 1405 2317 memoriae
1432 2236 1636 2339 egregiorum·

373 2391 445 2466 que
463 2389 618 2464 operum
637 2369 859 2440 monimentis
882 2391 1038 2460 vacuus,
1063 2366 1165 2468 quod
1182 2368 1361 2464 regiarum
1383 2387 1493 2462 opum
1516 2369 1635 2430 senatu

371 2496 487 2590 magis
504 2511 614 2586 quam
629 2504 851 2588 propagator
866 2495 1025 2564 extiterit.

504 2614 589 2683 Post
604 2607 703 2683 huuc
718 2615 856 2684 Gormo
883 2637 1000 2686 arcem
1023 2613 1184 2704 obtinuit,
1210 2633 1353 2710 semper
1370 2607 1492 2680 infensi
1510 2623 1579 2701 erga
1590 2620 1632 2668 tt·

371 2732 538 2831 ligionem
556 2735 675 2822 animi,
690 2731 980 2809 Christicolarum
998 2734 1147 2836 perinde
1161 2759 1203 2807 ac
1218 2735 1479 2807 teterrimornm
1493 2724 1633 2800 honum

369 2869 572 2953 respectum
587 2859 792 2954 extinguere
807 2863 963 2954 cupiens.
1016 2863 1147 2930 Omnes
1168 2855 1323 2956 hujusce
1339 2877 1475 2928 nonne
1489 2849 1633 2948 participet

371 2982 470 3052 vario
488 2975 698 3074 iujuriarum
719 3001 850 3078 genere
864 2979 1046 3079 fatigatos,
1072 2977 1205 3078 quibus
1221 2983 1357 3076 potuit,
1377 2973 1547 3048 calumniis
1564 2969 1632 3038 iust-

371 3100 436 3200 qui
452 3123 526 3172 non
541 3101 685 3196 quievit.
736 3103 936 3191 Quinetiam
952 3119 991 3176 ut
1005 3109 1163 3201 priscum
1180 3097 1341 3172 delubris
1361 3095 1493 3170 cultum
1505 3091 1632 3166 restitue-

369 3237 434 3311 ret,
460 3220 634 3319 templum
652 3221 687 3291 in
705 3219 818 3296 furado
836 3223 1046 3300 Slesvicensi
1063 3249 1085 3298 a
1100 3223 1271 3324 religiosis
1288 3218 1482 3311 conditum,
1505 3229 1633 3310 tauquam
1697 3239 1698 3313 l

369 3339 586 3442 sacrilegum
600 3339 750 3439 aliquod
766 3349 954 3442 impietatis
968 3347 1198 3440 domicilium,
1213 3343 1259 3418 ab
1273 3345 1351 3417 imis
1367 3342 1631 3418 fundamentorum

370 3465 535 3564 partibus
552 3463 744 3545 demolitus
759 3487 822 3561 est,
848 3493 941 3568 quos
966 3469 1150 3568 suppliciis
1165 3493 1238 3540 non
1255 3469 1428 3566 attigerat,
1447 3484 1546 3537 sacrae
1563 3450 1631 3528 uelle

371 3604 490 3687 strage
519 3591 706 3686 puniens⁵.
776 3595 843 3666 Hic
866 3593 1001 3666 tametsi
1025 3591 1242 3690 proceritatis
1267 3589 1392 3662 habitu
1421 3589 1554 3660 eximius
1578 3599 1631 3674 pu·

416 3923 426 3956 ¹
449 3913 570 3997 Gormo]
598 3921 646 3981 De
680 3919 836 3984 Gormoae
864 3922 994 4006 Anglico
1098 3915 1289 3996 ‘Humidud
1305 3915 1533 3982 Observationes
1544 3905 1576 3967 de
1588 3903 1629 3962 tn·

370 4023 429 4088 rid.
450 4036 516 4086 not.
536 4023 620 4086 uber.
1049 4025 1137 4090 raldo
1159 4025 1255 4110 deque
1284 4035 1350 4086 tots
1376 4025 1453 4086 serie
1485 4030 1501 4081 ti
1531 4002 1631 4094 syvsrdo

413 4127 576 4211 2Ιιιειιὶαιη]
593 4130 735 4216 Anglium
749 4131 904 4217 intelligit.
930 4132 993 4194 Au·
1052 4152 1146 4216 usque
1162 4131 1199 4193 ad
1212 4134 1399 4194 Gormouem
1420 4125 1478 4191 rid.
1494 4123 1523 4184 in
1534 4129 1584 4180 not
1597 4108 1631 4170 ub

368 4237 430 4322 glia
451 4236 532 4299 enim
550 4255 603 4299 sen
622 4238 795 4301 Brittannia
815 4261 871 4325 per
896 4239 993 4302 excel·
1098 4240 1219 4300 ⁵Sacroe
1239 4240 1316 4299 celle
1329 4253 1431 4318 strage
1447 4219 1569 4319 purum]
1587 4215 1631 4302 ⁶5¹

369 4343 494 4406 lentiam
512 4341 710 4405 insuladicta.
733 4343 785 4424 (S)
1051 4347 1087 4404 'lca
1109 4343 1158 4404 bic
1185 4343 1305 4404 nomine
1338 4334 1553 4421 intelligendum
1571 4326 1629 4385 mli
1693 4383 1694 4388 κ

413 4451 562 4532 'Regium
582 4450 707 4535 adeptus
726 4468 770 4512 est
791 4447 899 4530 urcem]
923 4453 993 4512 Hoc
1050 4448 1212 4510 sacrarium
1238 4467 1290 4510 seu
1309 4444 1433 4508 aedicula
1460 4459 1544 4510 secra,
1570 4427 1629 4489 dili·

368 4569 424 4632 est,
442 4573 546 4616 rernm
571 4575 718 4616 summam
741 4554 882 4618 obtinuit.
941 4556 992 4619 Sic
1051 4553 1150 4631 brom,
1172 4551 1341 4635 cujusmodi
1355 4549 1418 4612 sere
1437 4557 1510 4620 sunt,
1528 4547 1629 4622 quastt·

368 4660 508 4728 Valerius
522 4660 667 4722 Maximus
683 4658 735 4724 lib.
752 4665 795 4730 Vl
817 4681 882 4746 cap.
897 4659 918 4725 2
932 4675 991 4724 ext.
1050 4659 1146 4742 pellas
1176 4658 1338 4720 barbarum
1373 4648 1546 4734 nuncupavit
1568 4653 1627 4700 Μ’

367 4762 404 4828 2³
420 4767 534 4826 Tetrtbr
553 4791 647 4829 arcem
672 4775 845 4854 occupavit,
873 4765 903 4830 id
933 4781 988 4850 est,
1049 4767 1123 4826 lum.
1171 4769 1247 4828 Usus
1264 4775 1309 4828 est
1335 4783 1369 4824 eo
1391 4756 1547 4844 significato
1565 4739 1628 4810 Vll*

367 4891 584 4932 summoturum
595 4876 711 4956 potitus
727 4893 778 4937 est.
800 4873 851 4956 (S)
1049 4871 1277 4936 destruximus
1301 4870 1352 4933 lib.
1373 4873 1460 4950 lcap·
1481 4861 1506 4938 l,
1523 4853 1555 4918 3²
1576 4849 1626 4909 ω’
