3458 5454
286 331 291 342 .
397 277 470 352 342
725 253 1273 350 suffunderentur.

598 491 703 588 Quas
718 487 911 587 electrudis
926 501 1066 588 tegmen
1091 501 1159 560 out
1172 501 1261 587 toga
1278 485 1383 565 imit
1395 485 1512 565 tebet

543 615 621 686 Nec
637 609 735 685 colus
747 626 817 684 out
834 609 989 699 calathi,
1015 607 1081 682 red
1091 608 1192 682 ccede
1207 609 1398 696 madentia
1413 609 1489 684 tela

596 731 767 830 Officium
783 751 917 817 norece
931 757 1160 834 conposuere
1180 757 1323 808 manus.

479 856 593 954 Cujus
610 852 878 930 affluuatiouem
894 858 1014 956 Sygne
1029 871 1267 930 consentaneo
1283 849 1566 928 dissimulationis
1576 876 1634 950 ge-

348 1001 434 1050 uere
450 980 622 1076 prosequi
638 1004 711 1050 nou
726 995 874 1072 morata,
899 1003 967 1077 par
980 1003 1057 1054 esse
1079 977 1195 1070 refert,
1216 1001 1345 1054 manus
1362 973 1509 1050 vulnera
1523 973 1634 1069 sapius

348 1123 459 1196 quarn
473 1098 616 1190 vellera,
651 1125 812 1200 pugnam
828 1126 939 1199 quam
956 1125 1069 1200 pensa
1083 1117 1269 1176 tractantes
1292 1111 1562 1172 consentaneam
1583 1093 1634 1166 ol-

348 1219 430 1294 ficio
457 1221 629 1318 praeierre
660 1222 824 1296 duritiem
863 1247 931 1296 nec
973 1223 1147 1298 tractabili
1180 1223 1405 1298 foeminarum
1436 1213 1636 1290 mollitudine

350 1363 516 1414 enervem
541 1341 697 1418 laevitatis
713 1350 870 1442 speeiem
888 1343 1010 1418 alienis
1029 1344 1254 1420 contactibus
1275 1340 1459 1416 exhibere·
1513 1341 1637 1434 Quippe

349 1487 410 1536 eas
435 1465 562 1562 partim
581 1464 708 1540 bellico
728 1466 855 1540 labore
878 1472 1008 1566 partim
1034 1465 1222 1566 navigandi
1239 1457 1492 1538 consuetudine
1515 1457 1636 1534 duratas

352 1607 440 1658 esse.
506 1589 642 1684 „Neque
664 1590 760 1660 enim
785 1588 1005 1662 bellatricem
1033 1591 1189 1662 Haeonu
1214 1583 1398 1662 vernulam
1421 1579 1636 1656 muliebribus

342 1708 522 1799 ,inseruire
537 1711 695 1806 negotiis,
715 1709 780 1783 sed
794 1708 996 1809 jaculandis
1010 1708 1132 1784 ¹bustis
1152 1706 1444 1808 torquendisque
1466 1702 1635 1780 missilibus

350 1827 497 1900 oblitam
521 1855 647 1904 cruore
670 1830 850 1906 dexteram
875 1831 1000 1906 offerre
1022 1837 1258 1908 consuevisse.
1318 1826 1556 1922 Quamobrem
1576 1826 1633 1896 mi-

351 1947 504 2022 randum
535 1977 609 2026 non
641 1977 737 2045 esse,
765 1953 905 2052 plantas
928 1954 1062 2052 ingenti
1082 1956 1246 2026 itinerum
1269 1952 1472 2026 emensione
1498 1946 1634 2032 duratas,

352 2097 517 2170 quasque
533 2073 685 2149 decursu
700 2078 800 2150 toties
816 2073 934 2150 littora
948 2075 1084 2163 scabris
1099 2073 1261 2174 lapidum
1279 2075 1481 2173 fragmentis
1495 2069 1633 2146 obtrive-

352 2194 430 2286 rint,
450 2183 587 2270 calloso
601 2202 721 2298 rigore
736 2197 928 2272 lentescere
951 2222 1016 2270 nec
1043 2221 1166 2295 parem
1190 2223 1314 2272 earum
1328 2191 1544 2270 teneritudini
1558 2216 1632 2264 cou-

352 2329 484 2388 tocturn
505 2343 581 2416 pree
603 2343 642 2392 se
670 2319 779 2408 serre,
805 2345 960 2418 quarum
984 2321 1129 2419 vestigia
1157 2319 1338 2419 digressus
1361 2320 1517 2416 expertia
1535 2311 1634 2386 aulicis

348 2437 479 2536 juy'ter
495 2437 675 2514 liminibus
690 2440 924 2516 includantur.
984 2445 1232 2540 Quamquam
1247 2437 1493 2540 Hagbartbus,
1512 2431 1633 2536 perinde

350 2583 394 2634 oc
406 2557 670 2636 honoratiorem
688 2564 846 2656 cubandi
863 2551 986 2638 locum
999 2563 1199 2656 habiturus,
1222 2568 1288 2638 tori
1312 2563 1446 2638 sociam
1462 2563 1631 2656 recepisset

350 2681 438 2754 inter
453 2702 587 2760 mutuae
604 2681 793 2782 voluptatis
810 2687 991 2786 colloquia
1004 2685 1134 2760 talibus
1153 2687 1284 2760 sensim
1304 2688 1393 2760 orsis
1410 2679 1604 2779 compellet:

404 2827 450 2898 Si
463 2842 610 2928 captum
622 2831 765 2927 geurior
778 2845 860 2904 tetris
1087 2835 1189 2904 Nam
1193 2829 1343 2927 fratres
1365 2827 1475 2905 necui
1488 2843 1573 2914 beot,
1702 2877 1703 2904 ι

402 2951 463 3019 Me
478 2951 570 3022 orsu
579 2953 716 3025 dederit
728 2953 824 3041 nect',
965 3007 969 3018 ,
1083 2951 1256 3026 Privatos
1267 2977 1335 3052 ope
1353 2952 1503 3024 metica
1511 3004 1526 3038 ,

403 3073 589 3172 Numquid
603 3073 897 3174 conjugiifidem,
1086 3079 1135 3146 Et
1145 3099 1241 3148 nunc
1260 3091 1309 3162 te,
1315 3089 1426 3174 petre
1442 3073 1569 3160 nescio,

408 3196 518 3264 Tanti
519 3195 687 3292 foederis
703 3199 902 3284 immemor,
1083 3204 1140 3270 Ac
1155 3197 1192 3267 si
1203 3197 1260 3268 nil
1268 3196 1374 3298 prisce
1388 3195 1522 3294 egerim

316 3367 318 3372 -
402 3319 490 3388 Post
490 3318 621 3412 fotum
634 3335 770 3419 repetes
783 3315 927 3392 mum?
1083 3319 1188 3393 Votis
1201 3320 1299 3394 eilrits
1312 3319 1473 3408 obuiam,

404 3441 505 3511 Nam
520 3439 556 3510 si
567 3465 646 3512 sors
666 3467 712 3514 ea
731 3442 890 3530 cesserit,
1086 3443 1278 3516 Concuteni
1290 3457 1391 3516 teneo
1407 3458 1493 3515 toro.

402 3562 520 3635 Haud
530 3588 634 3664 spero
647 3565 766 3638 veneis
779 3565 896 3638 locum
905 3593 921 3653 ‚·
1058 3549 1567 3664 'Dicergofflcnusuuiccss

402 3687 480 3756 Nec
489 3711 651 3786 parcens
666 3685 884 3760 miserebitur
1088 3694 1211 3787 Quam
1224 3686 1306 3762 voti
1317 3687 1469 3788 speciem
1477 3685 1572 3781 seres
1700 3677 1701 3688 ’

404 3807 716 3882 Ulturussobolem
726 3835 878 3911 parcns.
1088 3800 1569 3912 Compleeusob‘tocarentl

743 3965 797 4038 Ad
821 3967 898 4040 haec
923 3969 1058 4067 Sygne:

544 4091 604 4158 Mc
619 4087 724 4159 crede
739 4104 869 4178 tecum,
884 4115 987 4179 care,
1007 4093 1099 4164 velle
1116 4089 1303 4180 concolori,
1396 4179 1402 4186 ι

599 4209 645 4283 Si
658 4235 737 4282 sorr
751 4211 857 4282 esitii
860 4213 1063 4312 praetulerit
1073 4213 1189 4286 ot'ecm
1190 4267 1205 4301 ,
1221 4239 1224 4246 ’

542 4337 621 4406 Nec
635 4334 711 4406 ullo
728 4334 814 4405 celte
827 4359 1031 4435 prorogare
1046 4352 1222 4438 tenpore,

597 4461 716 4558 Quum
731 4472 764 4530 te
777 4483 875 4531 mors
890 4457 1023 4530 trcuutlo
1038 4457 1149 4530 tristis
1163 4457 1332 4557 adegerit.

394 4740 523 4802 'Venus
547 4739 646 4822 urtica]
677 4746 892 4810 Autonomasia
913 4759 968 4822 est,
1035 4759 1094 4808 tur.
1144 4749 1231 4808 Mero
1257 4743 1366 4828 Eclog.
1394 4746 1444 4819 ΙΙΙ,
1466 4738 1520 4804 68:
1552 4741 1628 4799 Porta
1697 4747 1698 4750 ’

348 4859 415 4902 cum
438 4845 540 4906 Venus
559 4868 617 4929 pro
640 4849 744 4930 quatis
772 4853 864 4914 arnico
883 4852 970 4938 peni·
1029 4877 1097 4916 mee
1113 4855 1223 4916 Veneri
1235 4869 1303 4914 reret
1316 4875 1442 4914 metuero.
1463 4847 1513 4926 (8)
