3446 5458
380 273 452 350 194
720 273 894 344 HISTOR.
919 274 1024 346 DAN.
1051 275 1189 346 LIBER
1216 275 1255 346 V.

327 501 459 560 rentur.
511 483 575 558 llle
589 511 665 562 rem
680 482 857 561 maleficio
874 498 1148 560 consentaneam
1162 497 1273 576 ratus,
1296 481 1450 578 silentim
1464 484 1565 584 quod
1578 493 1622 562 ri-

328 609 441 699 deret,
456 614 594 708 pressit,
618 634 664 682 ne
677 624 828 680 matrem
842 605 1004 682 veneficii
1023 629 1121 678 ream
1136 620 1502 712 astruereputaretur.
1526 611 1622 707 Igno-
1655 653 1657 661 -

326 734 432 808 rabat
446 733 551 824 enim,
562 733 752 804 innocuam
775 735 948 830 anguium
965 733 1117 804 extitisse
1133 743 1316 822 naturam,
1340 730 1497 822 nescius,
1520 755 1623 830 quan-
1709 809 1710 828 ,

327 875 403 932 tum
418 855 481 928 illo
497 861 630 954 vigoris
651 852 763 952 epulo
780 867 978 950 pararetur.
1029 851 1326 950 supervenientes
1342 849 1473 926 deinde
1492 856 1623 953 Regne-
1709 831 1710 902 3

327 1005 391 1058 rus
414 995 449 1055 et
471 982 609 1069 lirinus,
635 992 674 1048 ut
694 973 869 1048 fumidam
899 999 1069 1073 aspexere
1091 997 1224 1065 casam,
1258 974 1404 1072 ingressi
1421 974 1624 1050 discubitum

327 1103 494 1201 petivere.
544 1098 686 1192 Quibus
711 1095 760 1170 ad
778 1121 938 1170 mensam
963 1101 1048 1188 sitis,
1071 1097 1184 1168 Craca
1208 1097 1376 1195 privigno
1394 1095 1544 1196 filioque
1567 1123 1624 1172 um

325 1225 452 1298 cibum
466 1213 623 1320 capturis
639 1221 798 1306 catillum
818 1218 1004 1294 discoloris
1024 1216 1129 1316 dapis
1149 1217 1343 1294 admovit¹.
1396 1223 1484 1294 Par's
1502 1221 1623 1319 quippe

326 1351 441 1445 picea,
464 1342 529 1420 sed
547 1348 682 1420 croceis
700 1350 809 1442 guttis
824 1341 987 1432 interlita,
1012 1365 1098 1439 pars
1123 1339 1246 1414 albida
1267 1340 1479 1437 videbatur;
1504 1348 1624 1442 quippe

328 1493 396 1566 pro
427 1469 526 1542 varia
549 1482 759 1566 serpentum
789 1470 911 1564 specie
948 1467 1112 1562 geminus
1149 1463 1288 1562 pultem
1326 1464 1426 1538 color
1464 1465 1622 1538 infecerat.

328 1593 442 1689 Cujus
467 1614 581 1688 quum
604 1587 719 1662 solam
734 1605 885 1688 uterque
893 1586 1105 1686 particulam
1118 1585 1323 1680 delibasset,
1345 1591 1488 1678 Ericus,
1505 1611 1575 1662 non
1588 1613 1622 1660 er

328 1711 492 1790 colorum
507 1710 646 1802 babitu,
669 1710 733 1784 sed
748 1713 873 1784 interni
893 1712 1028 1810 rigoris
1051 1709 1181 1781 ellectu
1205 1707 1333 1808 epulas
1355 1715 1551 1802 aestimans,
1574 1711 1622 1782 ni-

327 1853 490 1936 grantem
506 1833 610 1930 dapis
626 1851 774 1931 partem,
789 1833 854 1910 sed
870 1859 982 1908 succo
1004 1836 1144 1930 potiore
1159 1830 1369 1924 confectam,
1392 1833 1512 1906 cauno
1529 1857 1622 1930 quam

329 1957 513 2036 celerrime
528 1979 631 2032 verso
652 1952 752 2028 adse
770 1955 956 2047 transtulit,
979 1952 1222 2050 albidamque,
1246 1955 1314 2028 sihi
1330 1939 1512 2029 admotam
1530 1960 1623 2054 prius,

329 2079 477 2157 Rollero
500 2077 698 2177 applicans,
721 2104 861 2152 coenam
879 2078 1018 2152 felicius
1040 2079 1156 2177 gessit
1214 2080 1260 2148 Et
1284 2103 1333 2150 ne
1355 2078 1555 2152 mutationis
1575 2077 1623 2150 in-

327 2204 465 2281 dustria
480 2216 683 2294 notaretur,
710 2198 823 2274 taliter
844 2205 958 2298 inquit
973 2215 1144 2274 aestuante
1158 2197 1250 2273 freto
1265 2206 1419 2298 puppim
1437 2202 1477 2272 iu
1494 2223 1623 2298 proram

326 2327 452 2402 referri
479 2320 630 2404 solitam.
695 2327 769 2398 Nec
791 2339 895 2396 tenue
919 2323 986 2396 viri
1011 2323 1192 2421 ingenium
1217 2320 1303 2415 fuit,
1327 2320 1494 2396 industrii
1521 2322 1625 2420 operis

330 2443 646 2525 dissimulationem
661 2470 682 2516 a
695 2446 826 2545 navigii
843 2440 1099 2520 consvetudine
1111 2446 1316 2520 mutuantis.

461 2567 587 2640 Ericus
602 2569 735 2666 itaque,
750 2565 865 2642 fausta
881 2569 957 2666 jam
972 2566 1067 2666 dape
1083 2565 1248 2661 resectus,
1267 2570 1405 2644 interna
1417 2568 1531 2666 ipsius
1544 2591 1624 2666 ope-

326 2716 370 2770 ra
387 2688 435 2764 ad
449 2713 634 2764 summum
650 2686 820 2762 humanae
832 2690 1013 2789 sapientiae
1030 2688 1175 2788 pondus
1201 2693 1323 2764 evasit.
1383 2690 1528 2790 Quippe
1541 2687 1622 2788 epuli

328 2817 434 2914 vigor
454 2835 577 2911 snpra,
594 2835 703 2908 quam
721 2810 818 2886 credi
832 2827 991 2910 poterat,
1005 2818 1166 2886 omnium
1186 2810 1235 2884 illi
1249 2812 1475 2886 scientiarum
1499 2815 1624 2912 copiam

327 2935 560 3035 ingeneravit,
587 2935 636 3006 ita
655 2950 696 3008 ut
718 2937 825 3008 etiam
845 2934 1040 3010 sericarum
1058 2933 1363 3035 pecudaliumque
1379 2960 1512 3010 vocum
1527 2941 1623 3008 inter-

329 3056 528 3158 pretatione
545 3054 724 3130 calleret2.
784 3060 909 3156 Neque
925 3061 1022 3130 enim
1041 3055 1158 3132 solum
1174 3057 1416 3141 humanarum
1430 3083 1551 3132 rerum
1563 3082 1623 3156 pe

329 3180 514 3253 ritissimus
530 3191 615 3269 erat,
639 3203 767 3252 verum
790 3182 895 3252 etiam
920 3178 1102 3254 sensuales
1124 3177 1315 3254 brutorum
1328 3203 1437 3254 sonos
1455 3179 1504 3252 ad
1519 3195 1623 3254 certa-

331 3326 415 3376 rum
435 3297 661 3374 affectionum
688 3300 955 3400 intelligentiam
976 3299 1162 3374 referebat
1218 3305 1408 3408 'Praeterea
1431 3318 1506 3374 tam
1527 3309 1625 3376 comis

330 3441 440 3522 atque
456 3427 569 3496 ornati
595 3421 727 3524 eloquii
749 3439 847 3517 erat,
874 3439 925 3516 ut,
949 3420 1124 3522 quicquid
1146 3420 1321 3498 disserere
1348 3439 1509 3522 cuperet,
1521 3425 1626 3496 conti-

331 3573 408 3624 nuo
429 3545 708 3646 proverbiorum
733 3546 859 3647 lepore
883 3523 1024 3646 poliret.
1093 3548 1137 3618 At
1158 3545 1225 3620 ubi
1247 3547 1502 3647 superveniens
1521 3547 1624 3620 cruca

378 3891 495 3954 'Craea
511 3936 531 3950 ..
547 3893 676 3953 catallum
696 3893 848 3956 discoloria
869 3892 957 3978 dapis
1015 3913 1067 3954 um
1082 3891 1179 3954 visam
1196 3902 1252 3954 est.
1283 3889 1365 3953 Hinc
1377 3890 1472 3975 igitur
1486 3887 1570 3953 multi
1583 3887 1632 3948 he-

330 3991 474 4076 admovit]
497 3994 604 4058 Simile
626 3994 746 4059 obsonii
773 4017 867 4082 genus
893 3997 958 4058 Ηό-
1015 4017 1101 4075 roes,
1138 4017 1269 4080 quorum
1296 3997 1458 4082 prudentia
1490 3997 1536 4061 rel
1559 3993 1630 4058 fana

331 4104 420 4166 thero
444 4113 649 4186 preparatum
666 4099 758 4165 luisse
772 4099 962 4180 fertur3rid.
1015 4103 1158 4189 populari
1181 4102 1332 4165 celebrata
1355 4099 1416 4165 fuit
1450 4103 1499 4169 vel
1530 4095 1634 4163 fabulis

330 4203 673 4294 snpralib.lllp.123.
701 4210 795 4271 Plura
812 4205 958 4270 debocce
1015 4206 1243 4270 romanensibus
1269 4206 1448 4288 decantata,
1490 4209 1545 4270 bue
1569 4213 1634 4265 arte

331 4314 461 4377 obsonio
481 4309 551 4375 ride
569 4310 600 4374 in
619 4325 685 4376 not.
703 4313 788 4376 uber.
1016 4314 1193 4376 excelluisse
1212 4313 1287 4377 dieti
1304 4327 1384 4378 sunt.
1432 4315 1479 4376 Ex
1503 4304 1636 4376 memni-

368 4424 391 4458 '²
409 4419 449 4484 Ut
470 4423 559 4482 etiam
571 4420 741 4504 serenarum
758 4421 960 4507 pecudalium·
1015 4417 1073 4482 bus
1085 4417 1209 4482 Eddicis
1224 4433 1332 4484 notum
1346 4433 1393 4487 eat
1407 4417 1568 4504 exemplum
1582 4412 1637 4478 Si·

333 4548 387 4608 qne
421 4547 521 4586 nocam
556 4528 794 4610 interpretabere
825 4521 957 4604 calleret]
1015 4525 1104 4609 gurdi
1118 4523 1331 4605 Falnericidae,
1344 4526 1397 4612 qui
1412 4524 1503 4590 corde
1516 4537 1637 4604 serpen·

332 4629 452 4692 Callere
468 4647 559 4692 voces
573 4630 747 4694 animalium
762 4629 865 4692 multis
885 4630 959 4692 olim
1015 4631 1055 4698 tis
1069 4649 1190 4698 comeso
1205 4633 1340 4716 loquelas
1356 4631 1455 4722 ariam
1471 4625 1639 4708 intelligere

333 4733 475 4818 gentibus
496 4735 645 4798 sumnium
664 4736 822 4821 sapientia.
844 4732 960 4820 fastigi·
1016 4735 1133 4800 didicit.
