3458 5454
478 331 682 428 omanus
699 332 1073 408 conmnsrnnns.
1300 337 1372 412 sss

117 537 188 616 secl
210 538 481 632 tenesmum,
505 539 744 641 abessemque
759 539 910 642 pugiles,
924 565 1084 640 quorum
1097 545 1175 642 ipse
1189 543 1332 618 mnam
1349 547 1423 620 im-

114 662 442 762 pubisextinxsrst,
466 679 636 764 oponme
651 687 733 738 eam
747 665 881 764 inquit,
911 661 1030 738 soluto
1050 665 1253 766 virginitnt'u
1267 663 1424 766 cingulo,

113 789 329 860 aemonio
350 787 505 888 rigorem
526 786 637 862 rebus
660 801 867 885 permutare
891 789 1074 878 venereis,
1107 811 1153 860 ne
1170 789 1218 861 ita
1242 787 1425 888 pudicitiae

113 913 206 987 votis
220 907 423 1009 indulgeat,
457 925 497 1002 ut
512 909 614 1009 lapm
635 915 735 1009 regni
750 907 995 1008 gubernacula
1016 909 1159 1010 copulo
1182 933 1257 986 suae
1279 912 1425 990 benoli-

112 1034 171 1104 eio
188 1055 359 1129 reparare
376 1047 584 1108 commas
616 1035 660 1106 Se
673 1055 761 1130 ergo
778 1029 970 1106 nobilitatis
985 1029 1177 1130 splendore
1192 1037 1424 1135 conspicuans
1507 1025 1509 1030 ¹

111 1152 333 1252 nuptialibus
358 1153 406 1227 ab
431 1179 475 1228 ea
500 1157 593 1230 votis
618 1154 748 1251 respici
773 1153 897 1253 jubet,
930 1151 1032 1252 quod
1053 1153 1103 1228 ob
1127 1153 1256 1230 dictans
1277 1182 1424 1239 caumas

74 1338 81 1352 .
111 1275 287 1376 vohsptati
303 1273 440 1350 adimus
457 1275 585 1352 datura
600 1277 772 1352 videatur.
805 1275 860 1350 ld
876 1274 956 1348 haec
973 1273 1134 1368 Guritlta,
1149 1276 1336 1354 adducite
1351 1307 1423 1358 non

111 1423 233 1496 posse,
253 1398 387 1491 retulit,
411 1415 451 1473 ut
473 1403 580 1502 regiae
601 1401 792 1476 nobilitatis
809 1397 977 1498 reliquias
991 1397 1164 1474 inferioris
1188 1400 1322 1478 ordinis
1344 1409 1423 1482 siro
1576 1465 1578 1470 ,

111 1519 477 1618 eopuhresustineat.
537 1527 611 1598 Nec
631 1525 769 1623 generis
783 1520 1045 1596 obscuritatem
1066 1523 1303 1620 exprobrasse
1326 1550 1423 1602 con-

112 1659 219 1736 tenta,
245 1646 349 1720 αιίιω
373 1649 445 1718 oris
471 1643 732 1722 deformitatem
756 1650 983 1744 improperat.
1041 1642 1225 1722 llaldanus
1241 1650 1423 1746 genuinum

111 1763 162 1838 ab
176 1789 222 1838 eo
238 1765 308 1842 sibi
324 1767 446 1840 vitium
463 1767 638 1868 objectari
653 1770 857 1870 subjunxit,
881 1791 1014 1856 unum,
1038 1765 1139 1864 quod
1156 1775 1328 1869 sanguine
1348 1795 1422 1869 pta-2

111 1911 196 1960 rum
212 1889 352 1978 uberet,
376 1889 538 1982 alterum,
554 1890 656 1992 quod
672 1896 792 1983 rimosi
809 1894 879 1962 oris
898 1889 1076 1988 jacturam
1090 1890 1265 1990 inexpleta
1279 1893 1421 1968 nunt-

110 2035 154 2084 ce
170 2010 373 2109 praeferret3
398 2009 555 2113 ideoque
570 2041 643 2090 non
659 2015 761 2114 prius
784 2037 824 2090 se
848 2011 1075 2112 postulandae
1091 2016 1170 2113 ejus
1186 2019 1300 2116 gratia
1320 2015 1420 2090 redi-

110 2148 242 2226 mam,
265 2158 378 2232 quam
393 2151 581 2235 utratnque
595 2153 716 2212 nomm
733 2151 835 2238 parta
851 2135 959 2209 arinis
969 2133 1125 2210 claritate
1141 2142 1303 2214 tersisset
1338 2139 1422 2214 Ob-

111 2273 232 2330 secret
247 2281 408 2356 quoque,
423 2283 469 2334 ne
482 2264 540 2332 cui
557 2261 626 2334 tori
643 2259 901 2334 omniventtnn
914 2257 1103 2356 praeberet,
1122 2275 1316 2358 antequam
1330 2261 1422 2338 red-
1558 2267 1561 2280 '

110 2380 183 2454 itus
213 2382 421 2456 interitume
453 2382 511 2456 sui
546 2379 790 2472 certitudinem
819 2381 952 2454 nuncio
985 2387 1221 2480 cognovisset.
1305 2386 1422 2478 Quetn

109 2499 265 2597 adaletae,
285 2504 395 2578 fratre
408 2504 622 2604 jampridem
646 2504 694 2578 ab
717 2529 762 2579 eo
786 2502 938 2602 spoliati,
962 2501 1123 2578 Gnrithas
1144 2502 1306 2580 locutum
1323 2505 1422 2580 indi·-

109 2649 182 2724 gne
204 2624 370 2717 ferentes,
405 2625 648 2702 discedentem
669 2631 772 2726 equis
798 2629 957 2701 insectari
983 2642 1166 2700 conantur.
1231 2630 1314 2722 Quo
1334 2629 1422 2718 viso,

109 2745 383 2824 cosamssitibus¹
403 2747 577 2824 latebram
584 2766 705 2850 petere
715 2750 836 2848 jussis,
850 2773 890 2824 se
905 2742 1024 2824 solum
1040 2747 1179 2847 pugiles
1190 2767 1421 2847 excepturum

109 2867 263 2944 dicebat.
314 2875 492 2948 Morantes
515 2873 666 2950 asseclas
683 2878 907 2972 imperioque
925 2871 1079 2970 obsequi
1102 2869 1263 2946 deforme
1279 2870 1421 2949 ducen-

108 3007 166 3093 ιη
183 2994 285 3070 minis
301 2996 424 3096 abigit,
441 2995 624 3096 prelatus,
639 3021 713 3070 non
727 3010 990 3094 compertus-am
1007 2992 1207 3085 Gurithnm,
1221 3019 1420 3095 pugnante

107 3141 151 3190 se
165 3115 354 3194 lontidiue
370 3118 567 3194 detrectari.
628 3120 712 3192 ttox
731 3140 869 3217 quercu
880 3125 1019 3192 succisa
1042 3131 1151 3215 atque
1167 3122 1203 3190 in
1220 3115 1332 3192 clarae
1348 3115 1422 3192 hs-

109 3235 226 3312 bitum
257 3237 438 3334 redacta2,
463 3241 564 3320 solus
590 3265 675 3316 eum
697 3237 890 3314 duodecim
916 3263 1063 3312 manu·
1088 3241 1263 3316 conseruit
1286 3263 1423 3338 eosque

107 3363 239 3460 spiritu
259 3362 435 3462 spoliavit.
498 3362 639 3458 Quibus
661 3363 868 3462 peremptis,
889 3375 963 3434 mm
984 3357 1145 3458 praeclari
1169 3363 1290 3460 operis
1314 3361 1423 3440 titulis

108 3507 185 3556 non
192 3499 390 3579 contentus,
407 3489 554 3588 majoris
566 3483 696 3560 edendi
707 3485 818 3586 gutia
832 3488 946 3557 avitos
961 3507 983 3554 a
1000 3499 1110 3555 mane
1123 3481 1263 3584 gladios
1277 3488 1424 3582 recepit,

108 3631 271 3704 quorum
287 3607 377 3682 alter
389 3612 605 3710 Lynsingus,
631 3605 721 3680 alter
734 3607 965 3706 Hwittiugus³
988 3606 1037 3680 ob
1065 3603 1229 3678 collimati
1253 3608 1424 3682 acuminis
1452 3660 1455 3670 ·

105 3729 261 3804 nitorem
286 3731 504 3806 vocabulum
531 3730 666 3806 habuit.
718 3735 762 3804 At
783 3728 848 3804 ubi
872 3733 961 3801 inter
974 3726 1144 3802 Alverum
1160 3731 1284 3804 Svetiae
1300 3751 1422 3828 regem
1538 3741 1543 3762 ⁵

107 3851 367 3950 Ruthenosque
383 3851 520 3929 bellum
536 3853 690 3954 flagrare
708 3855 888 3952 cognorit,
916 3820 939 3925 le
963 3856 1112 3951 vestigio
1134 3851 1302 3926 Russians
1323 3855 1424 3949 petit,

107 3971 310 4072 oblatoque
325 3975 449 4050 incolis
464 3975 607 4066 auxilio,
634 4001 773 4052 summa
791 3999 875 4049 cum
898 3978 1056 4050 omnium
1080 3973 1285 4074 dignatione
1301 3979 1421 4051 susci-

107 4099 219 4195 pitur.
280 4095 352 4170 Sed
371 4123 439 4172 nec
459 4077 588 4198 procul
613 4097 762 4174 Alverus
786 4097 934 4198 agebat,
963 4095 1065 4169 brevi
1085 4095 1250 4172 locorum
1273 4099 1422 4196 trajectu
1507 4101 1510 4111 ¹

160 4368 170 4403 ¹
189 4361 411 4446 Comnalin‘los]
429 4363 612 4450 stephanius
633 4365 738 4450 posuit
800 4387 886 4452 gram
906 4385 991 4428 usum
1010 4361 1102 4426 fuisse
1117 4367 1228 4428 Noster
1245 4385 1336 4452 supra
1356 4387 1426 4430 ner·

111 4473 275 4537 comnibus.
802 4471 890 4536 rasit.

848 4578 960 4642 ⁵Altsr
980 4578 1166 4660 Lymtitgus,
1187 4579 1264 4642 alter
1287 4581 1425 4644 Hwittt'tt·

159 4683 219 4744 ²In
237 4684 326 4748 electa
355 4684 484 4748 maun
511 4677 644 4762 redacto]
666 4682 743 4745 'l'clo
801 4679 874 4768 gns]
904 4680 1089 4766 stephanius
1124 4682 1280 4769 corrigens
1305 4683 1427 4770 scripsit

115 4785 253 4869 ejusdcm
281 4789 401 4874 generis
429 4786 604 4874 Heldanum
638 4787 744 4872 Bierg·
805 4791 882 4852 alter
893 4792 1041 4874 Ltiut'rtgi,
1062 4791 1138 4852 alter
1153 4794 1305 4876 Hwt'tsisgi.

1138 4897 1237 4992 <ua
