3476 5460
713 333 821 404 SNIO.

109 542 173 612 toti
189 500 432 635 expetibilius,
459 553 510 628 ut,
530 555 668 612 servata
689 565 774 640 erga
792 559 954 641 parentes
971 567 1015 618 ac
1030 544 1163 620 liberos
1177 550 1317 644 pietate,
1342 577 1414 650 prs·

109 665 173 734 tn'a
188 662 368 736 excessuri
389 675 486 736 sorte
503 659 751 763 deligerentur.
811 669 900 758 Quae
922 671 951 740 si
973 690 1075 742 senes
1099 668 1273 747 invalidos
1298 673 1414 746 obm-

107 781 221 874 lisset,
247 783 469 860 robustiores
497 807 537 858 se
562 808 689 860 eorum
706 782 787 861 loco
807 787 909 864 exilio
926 787 1102 862 offerrent
1148 793 1300 892 ejusque
1316 819 1415 894 pon-

106 904 177 980 dus
198 929 265 1003 pro
290 904 473 980 debilibus
491 905 746 1004 perferendum
765 935 830 984 suu
853 929 982 1010 sponte
1005 915 1230 1010 susciperent.
1291 919 1413 994 Caete-

104 1053 188 1104 rum
204 1027 371 1129 indignos
386 1053 466 1104 esse
482 1033 564 1120 vita,
593 1037 654 1129 qui
678 1031 777 1106 illam
790 1030 923 1108 scelere
940 1049 974 1106 et
988 1033 1175 1133 sacrilegio
1204 1063 1413 1136 comparere

103 1167 345 1250 parentesque
365 1175 407 1224 ac
424 1150 563 1249 prolem
578 1169 651 1226 tam
673 1156 797 1252 iniquo
814 1161 994 1230 sentcntiae
1012 1181 1143 1255 genere
1160 1165 1328 1260 persequi
1342 1186 1412 1238 su-.

104 1275 322 1366 stinaissent,
355 1274 505 1348 caritatis
523 1275 606 1352 loco
621 1275 835 1352 crudelitatis
858 1277 972 1350 officia
987 1283 1175 1376 peracturi.
1227 1287 1412 1360 Postremo

104 1413 256 1472 cunctos
278 1395 371 1468 male
387 1402 538 1495 patriam
554 1396 740 1491 demereri,
754 1397 855 1498 apud
873 1425 965 1498 quos
979 1419 1167 1499 parentum
1189 1423 1251 1480 aut
1272 1405 1412 1484 libern-

102 1543 187 1596 rum
211 1524 326 1596 amori
351 1521 485 1619 proprii
510 1519 652 1618 spiritus
681 1523 807 1598 conitus
838 1521 1141 1622 praeponderaret.
1210 1529 1302 1602 Huic
1330 1535 1411 1606 roci
1506 1565 1510 1576 ·

102 1639 151 1714 ad
174 1647 385 1716 concionem
409 1642 527 1716 relatae
567 1641 732 1741 plerique
756 1641 928 1744 suffragiis
960 1647 1250 1724 assentiebantur.
1301 1657 1411 1754 lgitur

102 1769 267 1838 omnium
280 1764 432 1838 fortunis
447 1771 484 1840 in
498 1781 630 1839 sortem
645 1767 825 1864 conjectis,
851 1771 912 1864 qui
934 1766 1230 1868 designabantur,
1256 1791 1411 1853 extorres

102 1885 305 1984 adjudicati
326 1905 418 1964 suot.
470 1891 551 1980 Quo
574 1889 710 1978 evenit,
743 1905 793 1979 nt,
807 1883 879 1986 'qui
898 1907 1027 1988 sponte
1055 1897 1252 1968 necessitati
1284 1923 1411 1994 parere

101 2008 307 2100 noluerant,
332 2013 484 2084 lortunaa
499 2009 636 2110 judicio
659 2009 812 2110 obsequi
829 2029 1048 2110 cogerentur.
1115 2018 1272 2092 Primum
1291 2023 1410 2119 itaque

100 2131 324 2234 Blelingiam
350 2131 508 2226 advecti,
532 2159 575 2208 ac
595 2131 724 2208 deinde
744 2133 956 2230 Moringiam
982 2143 1339 2238 praeternavigantes,
1362 2145 1411 2218 od

100 2253 333 2330 Gutlandiam
355 2255 611 2355 appulerunt1,
637 2254 713 2345 uhi,
737 2269 773 2328 et
788 2251 901 2327 Paulo
927 2269 1030 2348 teste,
1062 2249 1209 2332 auctore
1224 2265 1310 2361 Frig
1331 2264 1409 2358 dea,

99 2377 431 2478 Longobardorom
455 2376 710 2469 vocabulum,
732 2401 887 2475 quorum
920 2391 1044 2475 postea
1065 2395 1208 2476 gentem
1229 2385 1408 2460 condide-

99 2501 199 2592 runt,
223 2499 415 2580 tradamur
432 2501 559 2602 adepti.
620 2498 780 2574 Tandem
797 2499 844 2572 ad
860 2501 1064 2599 Ruginium
1078 2500 1316 2600 applicantes,
1337 2506 1407 2581 de-

98 2624 276 2721 sertisque
297 2626 445 2724 navigiis
472 2621 628 2700 solidum
655 2625 721 2696 iter
745 2623 910 2722 ingrcssi,
950 2648 1033 2698 cunr
1058 2623 1205 2698 multam
1234 2643 1408 2714 terrarum

98 2761 242 2844 partem
268 2749 402 2820 emensi
425 2749 607 2846 armisque
622 2743 832 2844 depopulati
846 2761 970 2835 essent,
989 2761 1074 2843 post
1095 2745 1205 2822 editas
1221 2749 1293 2824 late
1309 2743 1406 2826 stro·-n

97 2893 165 2967 ges
190 2891 383 2967 postremo,
402 2871 519 2968 petitis
537 2873 572 2940 in
589 2869 686 2944 ltalia
708 2865 866 2957 sedibus,
883 2869 1043 2967 priscum
1057 2871 1169 2968 gentis
1187 2875 1406 2958 vocabulum

96 3015 171 3066 suo
185 2996 330 3066 somine
348 3007 600 3091 permutarunt.
1025 3087 1033 3104 ·
1161 2991 1166 2996 ’

235 3117 372 3190 Interea
389 3117 576 3188 Dsnorum
592 3111 710 3203 tellus,
728 3128 924 3188 rarescente
939 3111 1120 3188 cultorum
1134 3139 1247 3214 opera
1279 3121 1407 3202 sulcos

96 3261 257 3334 rumque
272 3208 425 3336 vestigiis
436 3239 509 3312 situ
523 3234 700 3325 obductis,
720 3233 931 3333 sylvestrem
947 3235 1061 3310 induit
1076 3237 1234 3332 vultum,
1254 3259 1290 3316 et
1304 3251 1406 3344 quasi

96 3363 209 3434 nativi
222 3363 364 3458 cespitis
382 3359 587 3432 amoenitate
602 3357 775 3456 deposita,
798 3355 940 3430 informi
963 3365 1260 3439 succrescentium
1275 3391 1406 3450 nemos,

94 3507 184 3557 rum
210 3479 381 3556 densitate
407 3479 619 3580 perhorruit.
693 3477 802 3572 Quod
826 3502 983 3577 praesens
1014 3507 1164 3581 quoque
1191 3511 1405 3586 camporum

95 3607 183 3704 ejus
200 3602 309 3680 iacies
327 3603 482 3701 prodit³.
540 3608 631 3698 Quae
645 3603 740 3676 enim
756 3599 842 3676 olim
862 3601 988 3676 feracia
1006 3602 1151 3703 frugum
1171 3608 1300 3708 jugero
1318 3612 1406 3689 fue-
1462 3651 1465 3660 ·

94 3741 193 3818 rant,
208 3725 332 3801 eadem
362 3753 458 3802 nunc
483 3727 638 3804 arboreo
667 3727 780 3824 stipite
801 3739 965 3802 conserta
984 3729 1162 3820 visumar,
1179 3747 1317 3830 atque,
1342 3736 1404 3813 ubi

94 3849 187 3923 olim
210 3848 363 3924 cultores
388 3866 518 3924 terram
541 3847 646 3923 altius
671 3864 851 3922 versantes
881 3865 998 3930 vastas
1023 3848 1240 3950 dissipavere
1269 3854 1406 3965 glebps,

94 3971 173 4044 illic
188 3997 284 4045 nunc
300 3990 444 4048 enatum
458 3996 583 4047 nemus
600 3971 773 4044 serrantia
795 3969 915 4056 adhuc
939 3982 1065 4049 veteris
1087 3975 1234 4050 culturae
1258 3986 1406 4078 vestigi-

95 4121 164 4169 um
177 4103 264 4168 ‘rnra
281 4093 537 4196 complectitur.
604 4097 693 4186 Quae
713 4095 776 4166 nisi
794 4093 930 4167 cultore
950 4121 1065 4170 vacua
1092 4087 1316 4174 ac'dtururno
1335 4107 1406 4176 situ

141 4343 365 4452 ''Appuierwrd
382 4369 426 4430 lta
447 4361 639 4450 stephanius.
665 4360 724 4427 sd.
786 4361 967 4446 migratione
979 4361 1252 4448 Longobsrdorum
1266 4367 1326 4430 rid.
1341 4381 1405 4434 not.

95 4491 149 4554 pr.
164 4467 257 4534 hebet
271 4491 302 4536 se
319 4473 503 4560 appulerunt.
784 4467 869 4533 tuber.

831 4574 949 4658 3Οιιοιὶ
968 4597 1098 4660 presens
1121 4583 1406 4667 camporumsaciu

145 4681 435 4764 2ἱσιιςιιόιιιιίονιιιιι
466 4677 649 4762 matutae]
679 4683 726 4744 De
782 4675 955 4765 proclidio
981 4677 1058 4744 hono
1078 4679 1321 4756 observationem
1335 4685 1403 4759 rid.

787 4795 851 4848 not.
874 4782 957 4850 uber.

1112 4853 1210 4990 <nn
