3442 5456
621 337 810 410 FROTHG
835 339 890 410 tv.
1284 339 1359 412 277

96 571 197 648 queo
217 571 342 646 regem
363 545 554 646 implicuit,
582 573 703 648 poene
727 555 885 647 speciem
907 551 1078 623 duntaxat
1099 555 1229 646 exiguo
1243 549 1411 647 temporis

93 674 278 744 momento
300 665 482 741 daturum.
534 669 605 744 Sed
627 669 713 744 nodi
729 675 837 770 rigor,
856 697 963 744 suurn
981 673 1042 769 jus
1061 695 1252 768 exequens,
1277 695 1411 768 supre-

94 819 197 866 mum
222 790 408 890 pendentis
434 790 585 865 halitum
608 795 738 890 rapuit.
795 797 862 865 Coi
884 793 1125 867 Starcatberus
1147 791 1268 866 adhuc
1287 792 1412 892 palpi-
1512 839 1515 844 -

95 923 182 992 tanti
200 915 296 989 ferro
311 917 456 1012 spiritus
470 915 640 1013 reliquias
657 915 794 1008 evulsit,
811 941 969 1016 cumque
983 914 1179 989 remedium
1199 915 1325 988 afferre
1336 915 1411 987 de-

93 1041 210 1126 beret,
233 1035 421 1136 perfidiam
441 1035 581 1111 detexit.
647 1043 773 1138 Neque
790 1041 881 1110 enirn
898 1037 958 1110 illa
970 1037 1060 1134 milri
1074 1035 1286 1110 recensenda
1304 1035 1411 1108 vide-

93 1181 151 1236 tur
176 1161 319 1260 opinio,
345 1183 428 1258 quae
457 1159 628 1234 viminum
654 1161 854 1253 molliam,
872 1159 1006 1236 subitis
1029 1159 1216 1234 solidatam
1241 1157 1411 1255 comple-

93 1286 211 1374 xibus,
236 1283 338 1356 ferrei
361 1307 499 1354 ntorem
514 1281 636 1382 laquei
659 1288 840 1386 peregisse
855 1301 1120 1359 commemorat
1172 1279 1323 1371 Deinde,
1343 1305 1410 1354 ca·-

93 1423 158 1508 ptn
182 1405 315 1478 Wicari
339 1405 505 1504 navigio,
546 1409 747 1480 Bemonum
777 1406 971 1505 quendam,
986 1409 1118 1481 cunctis
1142 1407 1266 1478 Danioe
1289 1403 1411 1501 piratis

94 1532 222 1604 virtute
236 1543 474 1626 prestantem,
500 1528 717 1602 maritimum
733 1529 943 1627 praedonem
958 1547 1124 1628 gesturus
1140 1526 1308 1602 acedia
1334 1529 1409 1598 Be-

94 1653 193 1726 moni
205 1672 362 1748 uanaque
378 1647 529 1749 collega,
546 1653 705 1724 Francus
719 1653 874 1744 nornine,
897 1654 1033 1750 piratici
1054 1651 1189 1726 laboris
1204 1647 1313 1722 taedio
1332 1671 1410 1720 nrt-¹

94 1801 161 1876 per
188 1798 229 1848 se
244 1773 326 1872 ejus
349 1773 526 1865 societati,
559 1779 769 1873 interposita
792 1779 953 1873 pecuniae
978 1777 1155 1874 pactione,
1181 1770 1410 1846 subduxerat.

94 1901 248 1970 Tantam
272 1907 389 1967 autem
406 1893 650 1970 starcathems
667 1921 710 1969 ac
729 1901 909 1970 Bemonus
926 1895 1109 1972 servandae
1125 1896 1323 1969 sobrietatis
1339 1918 1411 1967 cu-

93 2045 171 2094 ram
186 2015 381 2108 habebant,
409 2032 448 2090 ut
464 2031 651 2118 nunquam
669 2018 812 2092 ebriosa
828 2019 898 2092 sibi
917 2024 1062 2116 potione
1075 2017 1264 2092 indulsisse
1279 2014 1410 2090 diean-

92 2159 164 2232 tur,
182 2163 228 2212 ne
244 2141 471 2236 praecipuum
493 2139 709 2216 fortitudinis
722 2141 917 2232 vinculum,
932 2145 1156 2230 (tommentis,
1181 2138 1330 2214 luxuriae
1351 2145 1411 2212 vi-

92 2264 196 2337 ribus
215 2258 415 2334 elideretur.
483 2265 577 2336 Cum
600 2287 700 2362 ergo,
724 2261 922 2362 profligatis
950 2262 1020 2335 late
1041 2263 1248 2361 provinciis,
1270 2259 1411 2356 ⁸ardore

93 2407 245 2487 quoque
268 2385 454 2480 tyrannico
471 2385 640 2458 Rosciam
663 2387 885 2477 invasissent,
917 2385 1056 2476 incolae,
1078 2411 1205 2484 parum
1231 2381 1412 2456 moenibus

93 2510 250 2582 armisue
264 2505 401 2598 conlisi,
421 2505 655 2606 prohibendis
671 2505 828 2580 hostium
847 2507 1042 2582 incessibus
1066 2507 1220 2582 inusitati
1238 2506 1410 2578 acuminis

92 2631 219 2706 clavos
231 2627 393 2727 objicere
410 2647 611 2729 coeperunt,
625 2645 675 2722 ut,
698 2655 853 2728 quorum
874 2631 1069 2730 reprimere
1085 2631 1273 2727 nequirent
1288 2630 1409 2725 impe-

93 2774 189 2846 tum,
217 2767 444 2826 morarentur
475 2771 680 2844 excnrsum,
721 2757 899 2852 taciteque
926 2751 1066 2852 plantas
1097 2751 1229 2826 burnus
1252 2747 1409 2838 elideret,

96 2877 241 2976 quibus
256 2875 377 2973 palam
396 2879 489 2950 acies
511 2881 674 2952 resistere
698 2877 917 2976 trepidasset.
970 2875 1041 2950 Sed
1058 2901 1103 2950 ne
1119 2874 1157 2948 id
1169 2873 1315 2974 quidem
1334 2878 1408 2946 im-

92 2998 288 3102 pedimenti
311 3023 424 3097 genus
439 2998 602 3072 arcendis
617 2997 780 3072 hostibus
802 2998 925 3072 efficax
944 3001 1021 3074 fuit
1070 3003 1196 3098 Neque
1218 2999 1312 3071 enim
1327 2996 1409 3066 Da-

92 3127 147 3198 nis
170 3119 218 3194 nd
232 3117 449 3194 eludendam
464 3119 713 3194 Ruthenorum
736 3145 883 3219 operam
902 3119 1077 3195 calliditas
1100 3120 1222 3193 defuit.
1282 3117 1409 3191 Conti—

92 3271 168 3320 nuo
181 3267 339 3341 namque
354 3241 468 3342 lignea
482 3243 637 3343 pedibus
653 3248 808 3344 tegmina
827 3244 1083 3337 submittentes,
1098 3241 1283 3342 subjectos
1297 3239 1409 3340 plan-

93 3372 136 3444 tis
161 3363 305 3440 aculeos
330 3366 492 3439 innocuis
522 3390 685 3464 pressere
718 3369 879 3465 vestigiis.
946 3369 1009 3439 Est
1035 3383 1155 3438 autem
1176 3365 1311 3438 serrum
1338 3360 1409 3434 hoc

92 3507 253 3592 quatuor
270 3488 494 3584 dispertitum
508 3488 605 3579 stilis,
612 3487 808 3585 iisdemque
824 3489 938 3564 taliter
945 3494 1153 3580 constitutis,
1169 3492 1263 3577 ut,in
1273 3510 1409 3583 quam-

92 3637 242 3711 cunque
271 3607 362 3684 illud
386 3627 525 3706 partem
549 3635 634 3684 casu
660 3635 699 3684 se
720 3611 853 3708 ejiciat,
885 3611 989 3684 trium
1014 3611 1255 3682 incunctanter
1274 3607 1407 3705 pedum

91 3733 296 3835 mqualitate
311 3729 492 3806 subsistat.
555 3735 648 3806 Tum
664 3730 775 3805 saltus
793 3732 909 3806 invios
925 3759 968 3805 ac
984 3758 1175 3806 nemorum
1200 3730 1410 3840 densissima

140 4069 320 4126 ¹Bemcnum
340 4061 481 4142 quendam
498 4057 623 4136 accedet]
643 4063 718 4122 Nar·
779 4056 829 4120 do.
848 4061 1000 4120 Bomonus
1008 4054 1306 4120 estnomenlalandis
1322 4055 1409 4134 igno·

91 4169 174 4232 tatio
203 4161 349 4229 lalandica
370 4163 431 4245 jam
465 4162 557 4228 citata
595 4166 637 4226 nil
666 4163 719 4224 ba·
779 4174 853 4224 tum.
887 4161 1335 4244 ThomssGbeysmer(Seript.
1349 4179 1408 4219 rer.

91 4275 146 4338 bet
182 4271 221 4334 de
252 4271 445 4354 expeditione
475 4268 661 4338 starcutheri
687 4269 719 4330 in
780 4270 858 4330 Dan.
871 4269 1007 4352 voillp.
1016 4263 1092 4346 318)
1108 4281 1139 4330 et
1154 4267 1318 4328 translator
1330 4270 1408 4325 'lmi-

91 4378 250 4454 liusaiam,
271 4375 324 4438 sed
344 4377 421 4441 duce
443 4375 575 4442 carmine
598 4375 720 4438 Vibarn-
778 4371 897 4434 lonicus
918 4373 1024 4456 legunt
1047 4377 1214 4442 Dentonem,
1241 4369 1325 4453 qund
1341 4369 1408 4452 qui·

92 4485 182 4548 bullar
204 4481 331 4546 beroem
347 4507 365 4548 a
383 4485 534 4568 Norvegia
553 4479 720 4568 prologum
779 4476 848 4538 dem
869 4498 978 4540 nomn
1001 4477 1145 4538 convenit
1166 4473 1315 4538 islandiae
1336 4475 1408 4536 Bel·

92 4587 369 4676 Upsaliamabiisse
383 4589 476 4652 tradit
495 4593 529 4667 (l.
549 4590 592 4652 cit
608 4609 638 4670 p.
656 4579 720 4662 dli)
779 4579 827 4643 nir
851 4580 1135 4665 (Orvarodds-Saga
1156 4603 1221 4666 cap.
1239 4576 1289 4657 14,
1309 4583 1407 4643 Forn-

92 4699 359 4762 Commemoratur
375 4709 476 4758 notem
489 4693 643 4780 expeditio
665 4688 719 4752 ad·
777 4684 837 4748 ald.
856 4688 926 4771 seg.
950 4689 1012 4752 v'nl.
1035 4691 1060 4751 ll
1079 4711 1109 4772 p.
1126 4686 1204 4768 220)
1228 4685 1280 4750 sed
1303 4687 1407 4749 lectio·

95 4823 198 4866 versut
217 4797 379 4864 Rutbenos
406 4801 439 4862 in
472 4799 581 4864 ultimo
601 4801 721 4862 Staret·
780 4813 849 4856 anm
861 4792 1002 4858 editionis
1015 4794 1163 4879 principis
1181 4805 1283 4856 tuetur
1299 4796 1406 4858 Crant-

94 4906 175 4972 tberi
187 4905 320 4970 carmine
340 4905 371 4969 in
396 4904 476 4970 libro
489 4909 569 4972 .vtt1
586 4903 721 4968 all'eren·
780 4899 843 4964 aius
856 4902 936 4964 Dan.
950 4899 1001 4962 lib.
1015 4903 1027 4963 l
1041 4921 1072 4985 p.
1088 4899 1137 4963 93.
