3520 5462
665 262 919 401 tthltEttUs.
962 352 967 363 ·
1322 333 1390 404 lli

139 539 250 610 ritulis
262 539 381 634 jactus
395 543 489 611 exitu
505 534 723 612 deturbaret.
791 541 843 612 lta
863 537 1040 612 armillam
1062 561 1259 638 ensemque
1274 546 1310 613 irt
1327 567 1443 642 eupe-

137 657 211 730 dito
227 657 327 747 fore,
350 681 506 757 quorum
531 659 685 734 alterum
707 683 840 758 opnrn,
866 659 1020 736 alterum
1047 659 1136 734 belli
1157 660 1302 736 ionum
1324 667 1444 738 eomi-

138 793 293 874 teretm·;
322 783 359 852 in
374 795 531 880 utroque
547 787 673 880 ingens
690 790 889 880 possessori
910 784 1100 880 premium
1124 807 1213 858 esse.
1264 785 1445 862 Hactenus

137 903 313 974 Gerarus.
371 905 446 976 Nec
467 907 597 976 inerter
618 903 819 994 llotberus,
841 929 925 1011 que
943 903 1089 1004 abipso
1104 904 1289 1000 didicerat,
1310 933 1445 984 execu-
1519 983 1521 990 ,

137 1041 208 1133 tus,
227 1021 462 1098 tabernaculo
485 1023 532 1098 ad
555 1021 768 1122 predictum
785 1016 937 1100 modum
961 1025 1091 1117 locato,
1113 1043 1224 1102 noctu
1247 1053 1364 1122 coros,
1386 1037 1446 1104 iu·-

137 1148 256 1224 terdiu
278 1149 485 1224 venationes
501 1145 643 1246 egebat.
724 1151 920 1248 Utramque
951 1155 1124 1249 temporis
1147 1151 1262 1224 vicem
1292 1151 1447 1252 pervigil

96 1301 104 1308 ·
137 1277 391 1370 exsomnisque
408 1268 577 1360 ducebat,
601 1271 651 1342 itu
672 1267 877 1344 discrimina
899 1269 990 1344 lucis
1011 1273 1201 1370 noctisque
1218 1275 1381 1372 partitus,
1406 1290 1446 1348 ut

137 1394 232 1467 hano
261 1417 385 1466 rerum
411 1391 628 1466 meditationi
652 1392 843 1485 tribueret,
868 1391 968 1466 illam
997 1391 1249 1470 convectands
1281 1403 1445 1496 corporis

137 1516 313 1590 elimentis
329 1513 560 1612 impenderet
613 1517 780 1616 Cumque
791 1514 885 1588 forte
903 1539 1039 1614 pernox
1055 1521 1201 1590 aeonita
1218 1521 1313 1592 curis
1328 1533 1447 1594 nente

139 1639 397 1736 languesceret,
411 1635 711 1712 obumbrantem¹
736 1635 970 1714 tabernaculo
988 1661 1055 1712 suo
1079 1639 1244 1737 Satyrum
1259 1637 1358 1714 besta
1373 1665 1445 1738 pe-

138 1765 224 1850 tivit,
247 1759 495 1856 obrutumque
523 1763 597 1832 ictu
619 1783 687 1832 nec
711 1762 797 1832 sotis
810 1757 908 1858 fuge
924 1773 1106 1858 potentem
1121 1759 1273 1835 vinculis
1288 1763 1446 1836 interce-

138 1888 200 1982 pit
251 1881 383 1956 Ultima
404 1877 534 1954 deinde
546 1905 614 1980 per
637 1905 815 1954 summam
828 1881 1027 1956 verborum
1048 1889 1268 1958 atrocitatem
1283 1884 1447 1974 minatus,

139 2029 261 2080 ensem
284 2001 513 2101 armillasque
544 1999 715 2101 deposcit.
774 2005 849 2077 Nec
864 2005 1020 2106 seguiter
1041 2005 1189 2106 Satyrus
1211 2003 1334 2080 salutis
1357 2005 1446 2080 red-

139 2129 376 2226 emptionom,
409 2149 500 2224 que,
515 2122 563 2197 ab
590 2130 670 2224 ipso
685 2123 893 2222 petebatur,
917 2121 1087 2202 exhibuit.
1138 2126 1239 2204 Adeo
1254 2129 1390 2204 eunctis
1408 2155 1447 2204 re

139 2253 263 2350 pricr²
286 2263 341 2324 est
380 2251 482 2339 vite,
504 2272 588 2320 cnm
616 2243 705 2318 nihil
731 2247 832 2346 apud
860 2248 1030 2324 mortales
1060 2251 1188 2348 spiritu
1211 2251 1331 2324 carius
1367 2253 1447 2326 exi-

139 2387 233 2446 stere
246 2369 371 2447 soleat.
397 2397 399 2402 ·
421 2367 601 2445 Htitherus
616 2393 730 2468 opum
744 2368 935 2470 adeptione
948 2369 1125 2464 lemine,
1142 2371 1294 2470 petriam
1309 2375 1448 2470 repetit,

140 2494 279 2593 paucis,
304 2491 370 2566 sed
393 2493 592 2592 insignibus
608 2493 732 2592 spoliis
746 2491 841 2566 felir.

272 2615 519 2709 Quibuscum
547 2615 733 2709 Gelderus,
761 2615 921 2689 Saxoniae
937 2637 1018 2703 rex,
1045 2618 1199 2714 potitum
1213 2617 1448 2715 comperiens,

141 2737 271 2812 milites
285 2743 323 2810 in
339 2737 577 2813 tam'illnstris
590 2737 723 2839 prtedoe
745 2755 889 2838 raptum
916 2736 1047 2811 crebro
1074 2735 1277 2810 concitabat
1293 2735 1447 2813 hortotn.

143 2863 264 2934 Paruit
277 2862 445 2959 juventus
460 2867 547 2960 regi,
561 2877 799 2961 properanter
816 2863 995 2936 instruens
1011 2857 1172 2934 classem.
1223 2857 1332 2952 Quod
1347 2885 1449 2960 prce-

142 2981 270 3058 videns
287 2985 463 3073 Gerarus,
488 2985 626 3082 quippe
644 2981 825 3058 divinandi
854 2979 1081 3056 doctissimus
1095 2996 1171 3054 erat
1203 2979 1449 3082 industriaque

139 3111 402 3205 passagiorum
415 3103 588 3196 excultus,
605 3124 735 3180 vocato
749 3103 921 3195 Htithero,
943 3103 1060 3203 jubet,
1082 3107 1307 3204 congressuri
1325 3129 1449 3180 seeum

141 3227 290 3302 Gelderi
304 3227 423 3327 jaculo
441 3233 616 3326 patienter
628 3230 813 3327 excipiam,
834 3250 907 3300 non
921 3241 1003 3300 ante
1017 3251 1084 3302 sua
1096 3229 1321 3317 remissurus,
1337 3251 1448 3324 quam

142 3351 285 3454 hostem
311 3349 505 3426 missilibus
527 3375 649 3425 curere
678 3351 892 3450 conspiciat,
927 3363 1097 3422 ooetemm
1118 3365 1288 3424 rostratas
1319 3347 1450 3422 admo-

143 3471 385 3566 vestratem,
419 3471 555 3574 quibus
582 3479 723 3574 navigia
742 3472 893 3548 lacerari
916 3469 1148 3570 cassidcsque
1172 3486 1207 3544 et
1227 3488 1328 3545 scuta
1351 3471 1449 3544 mili·-

144 3595 242 3672 tibus
266 3594 404 3670 detrahi
426 3601 576 3696 possint
632 3599 747 3696 Cujus
763 3592 911 3668 consilio
934 3593 1162 3692 obsequutns
1180 3591 1373 3685 liutherus,
1388 3619 1452 3668 sa-

143 3718 298 3794 lutarem
311 3721 392 3818 ejus
414 3719 547 3792 exitum
561 3734 729 3818 expertus
752 3733 815 3792 est
873 3713 1056 3816 Siquidem
1077 3713 1125 3790 ad
1147 3720 1284 3814 primos
1307 3713 1451 3790 Gelderi

143 3845 301 3942 impetus
316 3841 514 3920 subsistere
536 3863 622 3916 suos
646 3864 691 3914 oc
702 3863 858 3938 corpore
876 3843 985 3918 scutis
1001 3853 1192 3940 protegere
1206 3836 1322 3937 jubet,
1349 3863 1450 3939 pre-

174 4142 770 4230 ¹Oiuntmrenlstephaniusexconjo
830 4142 953 4229 quidem
974 4142 1173 4227 stephanius,
1201 4138 1255 4204 sed
1286 4157 1352 4202 caru
1381 4139 1452 4200 reti-

143 4259 233 4314 ctum
239 4248 343 4334 posuit
349 4251 537 4330 oberrarem,
545 4248 599 4314 sed
606 4249 771 4329 maletum
830 4247 961 4312 nendum
976 4265 1039 4311 esse
1055 4245 1232 4310 censuimus.

108 4353 110 4358 ’
142 4354 177 4416 in
190 4352 347 4440 prioribus
360 4373 460 4423 termo
474 4353 623 4420 fueraide
642 4353 758 4420 imbra.
876 4355 1006 4418 *Jacnla
1027 4355 1176 4440 patienter
1200 4343 1342 4436 excipiat]
1363 4350 1453 4414 Com·
1549 4420 1550 4430 χ

190 4463 337 4533 ²Cmtii
368 4485 399 4524 re
426 4459 524 4548 prior]
550 4462 656 4547 Steph.
677 4459 772 4524 edidit
831 4457 992 4524 mentiatur
1014 4468 1212 4540 strategema,
1247 4453 1331 4538 quod
1352 4457 1453 4540 joma

141 4573 258 4632 cunco}
277 4568 360 4630 rebus
367 4572 460 4652 prbr.
631 4601 635 4611 ·
833 4563 991 4628 Frothone
1009 4563 1119 4647 primo,
1133 4566 1250 4628 Saxone
1270 4573 1347 4626 teste
1362 4561 1414 4624 lib.
1428 4565 1453 4624 ll

191 4672 364 4736 'anm
376 4697 464 4760 opum
474 4675 628 4761 adeptione
642 4669 772 4752 lutatus]
834 4693 864 4754 p.
881 4663 931 4745 74,
946 4667 1048 4734 fuerat
1064 4667 1241 4734 odlu'bitcut.

143 4777 385 4844 inconstantiam
405 4777 547 4862 editionis
573 4774 720 4864 principis
741 4775 774 4837 in
879 4777 1068 4843 ‘rostratas
1097 4777 1250 4844 admisere
1266 4771 1379 4863 falces]
1406 4775 1454 4838 De

144 4884 271 4948 nomine
294 4883 427 4948 Hotheri
456 4885 618 4950 scribendo
641 4881 773 4948 correxit
834 4880 880 4944 liis
902 4879 960 4944 vid.
979 4894 1043 4946 not.
1065 4881 1114 4944 ub.

1190 4987 1263 5080 (δ’)
