3446 5458
342 297 414 370 166
683 291 858 364 flrsrott
873 289 979 362 DAN.
993 289 1131 364 LIBER
1146 287 1201 358 lV.

289 520 483 594 auctorem,
497 499 699 576 carendum
714 502 775 590 cis,
799 499 928 598 inquit,
951 523 1008 592 ne,
1029 495 1121 570 dum
1140 495 1279 570 ursum
1301 491 1462 568 ellectum
1475 512 1592 588 uppe-

291 641 375 721 mnt,
396 625 555 700 infirmas
571 638 606 698 et
618 616 744 722 inopes
761 623 887 696 virium
910 645 1039 696 manus
1056 617 1163 694 stulto
1185 643 1307 692 recurro
1330 613 1481 690 sudreie
1502 635 1595 686 onn-

284 762 421 840 -sernnt,
444 744 606 842 dumque
621 743 774 820 alienum
802 744 968 854 affectent.
992 743 1143 830 exitium,
1168 741 1356 842 proprium
1375 737 1597 835 experientur

282 888 479 960 oceasum,
504 870 647 966 optimae
672 864 799 942 indolis
825 865 989 944 habiturn
1018 889 1250 968 prepropern
1283 860 1400 936 luudis
1432 855 1599 956 cupidine

291 991 545 1089 consumpturi.
612 989 1025 1089 Quamobrem'pnrcnnt
1047 993 1222 1090 juvente,
1256 999 1402 1083 pnrcom
1422 997 1457 1054 et
1478 978 1599 1068 indoli,

293 1139 361 1191 nec
375 1130 506 1187 temere
521 1125 645 1186 votum
667 1111 717 1184 eis
738 1113 917 1189 incesserit
934 1110 1118 1213 pereundi.
1169 1114 1292 1207 ltaque
1313 1123 1468 1206 paternae
1491 1100 1601 1176 cludis

295 1235 460 1334 injurium
475 1237 627 1334 pecunia
644 1259 665 1308 n
682 1259 721 1310 se
739 1233 886 1334 rependi
907 1237 1117 1334 permittent,
1139 1233 1360 1334 ingentisque
1376 1226 1499 1328 gloriae
1519 1223 1601 1298 loco

294 1356 461 1449 bnbeent,
483 1353 587 1455 quod
602 1371 738 1430 tantum
769 1359 965 1458 principem
989 1356 1131 1432 mulctae
1154 1357 1297 1431 nomine
1320 1353 1535 1428 coercuisse²
1566 1363 1603 1423 et
1713 1425 1714 1442 ,

296 1478 406 1556 veluti
423 1477 584 1578 quodm
598 1481 741 1556 terroris
758 1481 907 1578 imperio
923 1482 1142 1556 concussisse
1163 1477 1359 1552 credantur.
1411 1479 1499 1548 Hrec
1516 1497 1603 1550 vcro
1713 1449 1714 1476 ³

297 1625 337 1680 se
352 1625 426 1676 non
440 1601 566 1676 timore
585 1603 768 1701 percitum,
784 1601 849 1678 sed
864 1602 1106 1678 adolescentiae
1122 1625 1248 1676 eorum
1268 1601 1491 1674 mnustioue
1516 1621 1604 1670 ruo-

299 1737 375 1799 turn
389 1720 529 1798 dooere.
586 1728 618 1797 A
633 1749 711 1824 quo
724 1729 815 1802 Keto
831 1725 961 1801 huma
975 1741 1116 1822 ternpus
1131 1737 1226 1798 tnntn
1243 1721 1436 1796 verborum
1451 1719 1606 1818 ambage

299 1842 431 1919 deduci
446 1844 627 1944 preefntus,
651 1847 755 1946 quod
769 1864 841 1922 tam
860 1851 964 1947 justae
982 1845 1126 1921 ultionis
1142 1845 1307 1920 allectum
1330 1849 1492 1943 pecuniae
1508 1869 1604 1942 pro-

301 1964 466 2040 missione
481 1962 694 2040 labefactare
706 1985 864 2062 conetur,
885 1967 1055 2068 progredi
1069 1967 1170 2042 illum
1188 1968 1291 2066 jubet
1306 1983 1349 2058 et,
1378 1969 1406 2041 si
1432 1965 1522 2066 quid
1538 1965 1606 2040 ribi

301 2088 428 2160 virium
442 2088 496 2180 sit,
518 2085 672 2162 solitario
692 2113 813 2166 secum
829 2093 979 2190 experiri
994 2115 1199 2191 congressu.
1248 2095 1338 2164 Nam
1362 2107 1398 2164 et
1411 2113 1461 2182 se,
1477 2112 1607 2162 remo-
1715 2089 1716 2096 ’

301 2225 339 2284 to
353 2208 470 2287 fratris
491 2207 721 2304 adminiculo,
745 2217 899 2312 propriis
925 2230 1087 2290 acturum
1107 2215 1259 2303 viribuS,
1283 2239 1328 2286 ue
1353 2235 1462 2286 monn
1480 2211 1608 2310 impuri

302 2355 423 2432 pugne
435 2332 570 2409 conseri
585 2331 762 2410 videretur
778 2335 926 2412 infamis.
979 2341 1081 2414 Duos
1098 2336 1275 2436 siquidem
1289 2360 1371 2410 curn
1387 2361 1460 2410 uno
1474 2333 1608 2408 decer-
1716 2411 1717 2434 χ

293 2477 386 2534 ‚nere
407 2469 447 2526 ut
467 2455 642 2554 iniquum,
656 2459 703 2532 ito
717 2463 823 2532 etium
841 2460 1081 2558 probrosum²
1109 2458 1210 2560 apud
1231 2473 1364 2532 veteres
1387 2457 1610 2532 credebatur.

302 2574 373 2653 Sed
396 2600 515 2676 neque
540 2579 681 2654 victorio
711 2579 783 2660 lroc
804 2610 936 2686 pugnae
960 2607 1089 2686 genere
1113 2597 1213 2681 parto
1242 2580 1456 2654 laudabilior
1477 2579 1611 2667 habits,

301 2698 406 2798 quod
430 2701 551 2798 potius
574 2700 743 2778 dedecori
770 2733 881 2805 quam
907 2706 1029 2808 gloriae
1052 2709 1173 2804 juncta
1201 2701 1387 2778 rideretur.
1465 2705 1611 2800 Quippe

296 2849 417 2902 unum
442 2847 466 2898 a
489 2823 635 2900 duobus
658 2830 814 2928 opprimi
839 2845 880 2902 ut
902 2829 1033 2904 nullius
1053 2827 1203 2928 negotii,
1231 2826 1277 2898 ita
1301 2827 1450 2898 maximi·
1466 2824 1612 2898 ruboris
1717 2817 1718 2832 ³

297 2945 386 3026 loco
402 2946 610 3025 ducebatur.
673 2953 787 3024 Tanto
802 2967 921 3024 antem
943 2949 1118 3024 Athislum
1131 2948 1266 3022 fiducia
1280 2963 1438 3046 ceperat,
1463 2962 1504 3018 ut
1525 2971 1612 3018 nnu-

304 3069 374 3146 bos
402 3070 451 3142 sd
479 3093 518 3144 se
547 3071 676 3167 puriter
695 3073 943 3150 incessendum
965 3074 1181 3162 hortaretur,
1209 3059 1395 3170 prelatus·
1411 3093 1451 3144 se
1474 3068 1612 3142 tutioris

306 3209 438 3293 pugneo
456 3205 663 3290 potestatem
684 3193 882 3290 facturum,
916 3197 1051 3296 quibus
1072 3193 1256 3296 pugnandi
1277 3211 1400 3268 votuur
1425 3189 1613 3266 detrahere

269 3555 275 3570 Ι
353 3473 499 3534 'Tantum
508 3477 670 3560 prrircr'pem
689 3479 801 3538 mulctae
817 3485 929 3542 nomine
985 3481 1063 3564 Vign
1084 3481 1191 3543 Glums
1218 3469 1508 3560 Sngu.p.108)ln
1531 3475 1614 3539 notis

301 3574 478 3658 coercubse]
507 3579 605 3670 Quom
631 3578 711 3644 bene
741 3582 809 3645 lraeo
834 3583 928 3646 rerba
985 3585 1178 3650 uberioribus
1198 3583 1236 3646 nd
1255 3581 1308 3644 lib.
1328 3584 1356 3644 11
1377 3601 1410 3665 p.
1430 3575 1472 3644 62
1494 3581 1615 3644 monni-

221 3725 230 3740 ,
307 3680 613 3764 Athblioonrniunr
630 3707 719 3771 quoru
732 3707 777 3768 ea,
797 3711 866 3774 quor
881 3690 928 3755 lris
987 3687 1394 3778 nmqucqne,bnnclegem
1407 3683 1615 3750 inilloduelli

299 3788 493 3874 ,respondent
512 3789 728 3878 adolescentes,
748 3813 815 3858 curn
836 3797 928 3881 cotio·
974 3819 1106 3884 genere,
1126 3794 1209 3884 quod
1221 3796 1409 3878 Holmgorrgr
1431 3789 1550 3854 dictum
1566 3791 1616 3856 lu·

307 3913 346 3956 ne
382 3893 537 3979 cogitandi
561 3899 730 3982 priscorum
762 3875 929 3965 borealium
987 3906 1055 3983 orit,
1078 3915 1228 3968 serratam
1245 3898 1346 3980 fuisse,
1373 3898 1531 3984 utsinguli
1545 3920 1617 3964 curn

307 4002 497 4083 conveniant,
512 4001 571 4068 rid.
586 4003 619 4065 in
640 4017 704 4067 noe
718 4004 802 4067 uber.
987 4011 1112 4096 singulis
1143 4005 1410 4092 congr-ederentur.
1458 4005 1617 4070 Sescentis

318 4111 450 4193 „²Dcos
468 4111 607 4194 siquidem
624 4136 688 4176 cum
705 4135 762 4174 uno
785 4114 931 4179 decertare
991 4137 1063 4180 vero
1093 4114 1168 4178 locis
1192 4112 1318 4198 probari
1336 4123 1449 4196 potest,
1467 4110 1548 4174 hunc
1572 4113 1616 4174 le·

308 4229 339 4276 ut
356 4218 483 4298 tltt'qrtum
496 4219 637 4280 itaett'am
650 4216 931 4302 probrosum]8imi·
990 4241 1058 4304 gem
1073 4220 1197 4283 omuino
1218 4219 1388 4302 neglectum
1407 4215 1499 4280 fcere
1518 4216 1558 4280 ub
1578 4217 1617 4278 il-

306 4318 367 4382 lem
383 4318 559 4404 opinionem
574 4319 711 4406 prodidit
728 4320 862 4404 Borrine,
890 4329 932 4390 ie-
988 4321 1042 4399 lis,
1089 4322 1143 4404 qui
1176 4323 1325 4389 ultionem
1354 4341 1413 4406 pro
1447 4319 1616 4388 homicidio

307 4422 414 4488 laudus
434 4426 539 4490 saeeuh
551 4425 670 4508 docimi,
694 4428 870 4498 deminico
884 4453 931 4496 rc·
987 4447 1105 4492 sumere
1129 4428 1290 4492 voluerint.
1358 4427 1440 4524 Quin
1457 4425 1535 4492 odeo
1559 4425 1616 4490 do·

305 4547 419 4612 serens,
435 4549 572 4607 eumeese
586 4536 819 4618 generosiorem,
839 4559 930 4620 quum
989 4555 1072 4594 muru
1088 4533 1248 4598 homicidae
1269 4533 1367 4598 medie
1388 4545 1479 4598 nocte
1495 4533 1616 4617 agmine

307 4645 341 4694 ut
363 4653 396 4698 se
421 4638 519 4700 solum
547 4659 616 4704 cum
642 4640 759 4706 duobus
785 4641 928 4728 agge-ede
988 4637 1118 4702 cinctam
1144 4641 1286 4706 incendio
1310 4661 1460 4706 unacum
1477 4638 1529 4718 iic,
1557 4639 1616 4723 qui

307 4750 391 4802 netur
415 4735 461 4818 (er
479 4744 558 4810 barm
580 4749 656 4810 betrt
666 4748 811 4830 drengm
797 4773 850 4810 erm
871 4751 929 4812 lare
987 4746 1068 4810 iulus
1092 4743 1615 4824 eoent‚detevinc,1audicese

309 4873 386 4911 rtrum
407 4853 472 4913 med
498 4856 552 4912 III
576 4877 662 4914 maran
692 4871 723 4916 at
748 4877 806 4914 rerer
826 4877 928 4936 garga
989 4851 1173 4945 censebatur.
