3446 5458
369 295 439 370 166
708 291 1160 364 numennumen
1181 291 1238 364 lv.

315 525 428 594 mero,
445 525 518 576 nou
533 501 669 576 viribus
680 497 839 592 densent,
864 497 1004 574 bostem
1018 499 1150 574 umbra
1165 498 1287 598 potins
1310 521 1423 598 quom
1438 504 1547 576 armis
1560 499 1614 574 se·

315 625 417 714 riost,
441 639 477 697 et
490 627 525 698 in
541 623 757 700 bellatorum
773 645 884 722 grege
898 622 978 698 solo
1003 647 1199 723 corporum
1217 620 1427 721 spectaculo
1449 647 1615 698 censeam

316 763 382 820 tur.
441 750 516 820 Hos
531 771 743 848 magnarum
764 768 879 843 opum
903 745 1069 820 dominos
1088 745 1191 838 fore,
1215 769 1347 846 genere
1369 769 1483 844 quam
1506 745 1616 818 auimo

315 875 587 968 praestantiores,
611 891 705 969 quos
718 866 810 942 lucis
823 868 972 945 aviditas
987 896 1109 946 rerum
1136 870 1296 944 dominio
1326 881 1511 942 counacta
1540 865 1617 967 plus

315 997 593 1092 ignaviaequam
606 989 800 1066 nobilitatis
818 991 956 1066 viribus
974 992 1163 1094 indulgere
1182 990 1388 1090 compellet.
1437 993 1526 1064 Esse
1539 991 1615 1064 item

315 1131 352 1186 et
366 1113 466 1208 alios,
480 1116 724 1216 quispeciem,
736 1137 812 1188 uon
827 1139 905 1188 rem
919 1115 957 1187 in
972 1115 1111 1191 bellum
1127 1114 1316 1216 perferent,
1332 1136 1445 1212 seque
1460 1113 1618 1186 extremis

315 1237 496 1312 sociorum
522 1236 723 1338 agminibus
751 1237 939 1312 inserentes
971 1240 1078 1339 primi
1097 1237 1239 1338 iugem,
1273 1237 1445 1336 postremi
1459 1231 1618 1335 praelium

316 1375 450 1460 gerent.
516 1365 556 1433 ln
583 1359 716 1460 quibus
736 1357 983 1436 imbecillitatis
1003 1358 1167 1436 habitum
1183 1364 1266 1436 certi
1290 1359 1435 1459 pavoris
1453 1352 1618 1430 indicium

317 1479 472 1582 detegat,
495 1505 578 1556 cum
592 1503 744 1580 semper,
758 1483 914 1580 quaesitis
929 1482 975 1556 de
995 1481 1167 1558 industria
1181 1481 1424 1582 subterfugiis,
1450 1501 1618 1578 puguan-

317 1605 405 1678 tiirm
424 1621 525 1704 terga
542 1604 724 1679 timidioris
742 1629 954 1706 progressus
968 1607 1110 1707 pigritia
1127 1603 1405 1704 subsequantur.
1455 1603 1521 1674 His
1536 1622 1618 1700 ergo

318 1723 364 1798 de
385 1731 503 1800 causis
536 1752 659 1827 regem
681 1727 768 1826 fugo
790 1744 971 1804 servatum
991 1727 1177 1802 existimari
1197 1726 1349 1820 debere,
1382 1747 1502 1800 cuma
1519 1721 1619 1822 primi

317 1848 452 1922 ordinis
473 1848 645 1922 militibus
661 1847 760 1924 nulla
773 1855 1027 1948 persecutionis
1045 1853 1207 1926 instautm
1228 1849 1368 1951 lugiens
1392 1859 1618 1947 premffltuts

193 1990 197 2000 ·
319 1969 381 2068 qiri
402 1994 476 2043 non
493 1973 605 2046 victos
628 1995 770 2066 arcere,
802 1972 867 2047 sed
891 1978 1077 2050 victoriam
1105 1997 1317 2049 conservare
1338 1995 1435 2046 curae
1458 1967 1619 2056 babeant,

317 2091 542 2192 perindeque
556 2119 688 2170 cuneos
704 2094 862 2188 densent,
879 2114 920 2173 ut
934 2097 1084 2198 trophaei
1103 2101 1244 2172 novitus
1260 2092 1547 2194 competentibus
1560 2093 1617 2164 ui·

317 2239 363 2288 xa
386 2216 560 2314 praesidiis
581 2217 775 2315 perfectam
798 2223 1147 2320 successuscopiam
1173 2217 1400 2318 adsequatur.
1473 2211 1619 2290 Secundi

318 2350 407 2412 veto
421 2341 558 2438 'generis
578 2358 809 2440 pugnatores,
834 2343 969 2441 quibus
1000 2345 1145 2440 objecta
1168 2365 1326 2442 quaeque
1347 2341 1521 2440 pmimere
1541 2353 1618 2412 stu-

318 2459 418 2534 dium
435 2464 491 2555 sit,
513 2487 587 2534 non
606 2466 726 2555 enimi,
743 2463 807 2538 sed
824 2469 1099 2565 opportunitatis
1123 2443 1242 2567 inopia
1256 2463 1433 2539 mhutum
1455 2464 1619 2536 intactum

318 2581 475 2684 liquisse,
499 2584 600 2684 quod
614 2609 676 2660 eos
701 2612 773 2660 non
790 2604 862 2662 tam
883 2587 1035 2663 laedendi
1059 2613 1168 2664 ausus
1200 2613 1311 2689 quam
1340 2585 1496 2662 facultas
1516 2583 1618 2658 defe-

318 2708 412 2780 cerit
460 2707 530 2780 Sed
545 2723 579 2781 et
595 2709 681 2781 tertii
703 2709 838 2785 ordinis
851 2716 967 2803 viros,
993 2715 1056 2813 qui
1072 2714 1193 2812 ipsum
1206 2735 1339 2811 pugnes
1353 2725 1496 2807 tempus
1509 2711 1619 2806 trepi-

318 2827 368 2904 do
392 2832 588 2929 vagationis
624 2855 752 2929 genere
789 2833 1006 2908 deducentes
1036 2857 1222 2908 successus
1254 2840 1361 2908 etiam
1386 2833 1492 2907 sociae
1515 2833 1620 2930 panis
1652 2811 1654 2824 ¹

318 2949 528 3048 impediunt,
544 2977 752 3052 quanquam
766 2954 919 3030 laedendi
941 2959 1034 3056 regis
1057 2957 1179 3032 locum
1199 2955 1412 3048 habuerunt,
1437 2953 1618 3030 attentandi

318 3091 437 3148 tamen
452 3072 601 3152 audacia
617 3083 782 3151 caruisse.
849 3079 911 3152 His
925 3077 1043 3151 modis
1057 3075 1285 3154 Vermundus
1309 3077 1489 3178 stupidam
1505 3081 1619 3152 Kete-

314 3199 374 3270 nis
387 3197 657 3272 admirationem
674 3183 884 3293 absolvens,
908 3224 1012 3276 veras
1027 3207 1154 3276 servati
1169 3205 1264 3302 regis
1284 3225 1411 3276 causas
1432 3207 1618 3276 assertione

178 3315 183 3331 ’
318 3343 384 3396 sua
399 3319 512 3394 editas
529 3321 758 3395 memorabat
1707 3341 1708 3376 ³

450 3446 533 3517 Post
553 3441 632 3516 baec
656 3441 815 3520 Athislus
840 3449 993 3522 Svetiom
1016 3445 1165 3544 refugus
1185 3447 1290 3543 petit,
1320 3447 1462 3522 Frovmi
1486 3444 1617 3540 cedem

318 3565 535 3665 petulantius
567 3567 703 3664 jactans
737 3591 780 3640 ac
803 3567 969 3644 facinoris
997 3567 1107 3667 hujus
1130 3570 1339 3641 memoriam
1359 3567 1517 3643 verboso
1537 3569 1617 3642 lau-

319 3687 408 3762 dum
424 3711 571 3762 suarum
588 3689 703 3763 relatu
720 3696 933 3765 incessanter
954 3707 1143 3782 ostentans,
1168 3715 1242 3766 non
1257 3691 1360 3789 quod
1376 3709 1527 3790 receptae
1542 3691 1616 3766 cla·

321 3811 377 3887 dis
393 3803 564 3886 ruborem
577 3837 686 3910 tequo
707 3819 825 3886 animo
842 3813 960 3906 ferret,
985 3813 1049 3886 sed
1065 3831 1106 3888 ut
1121 3815 1267 3888 recentis
1290 3815 1385 3913 fugae
1407 3813 1538 3890 vulnus
1551 3839 1612 3888 sn-

318 3936 427 4034 tiquae
454 3936 608 4009 victoriae
632 3935 740 4008 titulis
764 3951 949 4007 recrearet.
1019 3938 1134 4035 Cujus
1160 3939 1212 4010 rei
1244 3941 1338 4010 Keto
1358 3953 1395 4009 et
1428 3937 1542 4036 Vigo,
1580 3949 1617 4008 ut

318 4075 483 4158 parerat,
497 4056 738 4156 indignatione
755 4058 917 4155 pennoti,
940 4060 975 4132 in
993 4077 1149 4158 paternae
1165 4058 1307 4132 ultionis
1322 4075 1404 4134 vots
1425 4061 1615 4160 conjurant,

318 4187 435 4275 Quam
449 4207 489 4256 se
504 4205 633 4278 parum
648 4179 747 4252 bello
765 4161 895 4279 exequi
910 4179 1018 4280 pbsse
1035 4180 1228 4272 credeirtcs,
1242 4199 1386 4281 sumpto
1402 4181 1545 4256 levioris
1557 4207 1614 4253 ar-

317 4321 465 4378 maturae
483 4319 621 4402 paratu,
637 4304 788 4376 Svetinm
807 4303 1101 4403 solitariipetunt,
1116 4306 1337 4406 ingressique
1351 4307 1533 4398 nemesin
1548 4328 1613 4404 quo
1705 4343 1706 4350 κ

318 4452 441 4525 regem
469 4427 607 4524 absque
623 4427 749 4500 cornute
765 4427 896 4500 versari
918 4425 1063 4532 solitum
1080 4427 1174 4500 lama
1188 4445 1448 4527 cognoverant,
1480 4427 1548 4502 tela
1560 4427 1614 4500 la·-

318 4549 427 4622 tebris
447 4549 626 4622 mandant.
686 4548 773 4622 Inde
795 4573 877 4622 cum
902 4548 1039 4622 Atlsislo
1066 4551 1304 4649 profugorum
1327 4553 1469 4624 nomine
1489 4547 1614 4625 diutule

319 4675 536 4762 conversati,
568 4696 652 4744 cum
677 4671 725 4744 ab
747 4695 810 4760 co,
840 4697 950 4770 quom
968 4679 1119 4770 patriam
1134 4671 1330 4764 haberent,
1356 4675 1611 4774 interrogaren-

319 4809 388 4882 tur,
413 4791 647 4866 Slesviccnscs
666 4817 703 4865 se
721 4817 796 4865 csse
819 4797 1044 4896 palmamque
1069 4795 1175 4871 caedis
1191 4819 1300 4872 causa
1317 4795 1464 4898 liquisse
1484 4811 1609 4872 testan-
1704 4789 1705 4792 '
