3458 5454
343 303 441 376 0370
561 279 566 290 ’
697 301 876 374 ursaon.
893 303 1002 374 nau.
1018 301 1157 377 umen
1173 301 1245 374 vu.

447 516 509 590 His
526 510 625 613 dictis
641 510 752 586 ambo
769 511 922 610 genibus
939 514 1030 604 nixi,
1055 513 1153 608 (nam
1173 512 1236 586 fati
1263 513 1516 612 propinquitas
1539 517 1621 588 vires

314 639 507 730 hauserat)
530 637 693 710 cominus
726 659 809 708 cum
839 634 957 710 Olone
989 633 1183 734 confligere
1212 658 1444 732 summopere
1464 638 1546 728 niti,
1589 649 1622 708 ut

261 819 263 826 ,
314 763 462 862 perituri
480 775 592 831 morte
605 756 748 831 hostem
757 782 903 854 aequare
917 773 1082 854 possent3
1097 755 1363 854 floccipendere
1378 757 1504 848 fatum,
1517 755 1621 830 duru-

315 883 425 956 modo
443 906 539 972 cum,
557 907 578 954 a
594 905 669 978 quo
686 879 955 970 occidebantur,
971 881 1070 955 socio
1084 877 1382 975 amplecterentur
1404 905 1548 954 occasu.
1594 885 1621 952 Ε

312 1005 449 1104 quibus
467 1003 534 1076 Olo
560 999 711 1076 alterum
727 1001 834 1093 ferro,
849 1001 999 1076 alterum
1015 1029 1104 1078 cane
1117 1005 1350 1099 consumpsit.
1403 1000 1474 1074 Sed
1489 1027 1535 1074 ne
1551 1005 1620 1100 ipse

315 1128 464 1228 quidem
478 1127 700 1200 incruentam
719 1124 827 1224 gessit
847 1129 1041 1218 victoriam,
1061 1143 1188 1224 quum,
1202 1121 1377 1196 hactenus
1393 1129 1540 1224 integer,
1553 1141 1621 1198 tmn

314 1251 461 1323 demum
485 1246 637 1320 adverso
661 1245 792 1320 vulnus
820 1271 975 1344 corpore
1003 1249 1227 1345 suscepisset.
1295 1248 1367 1339 Qui
1390 1246 1520 1320 sedulo
1542 1271 1622 1320 cane

314 1373 545 1472 perlinctns1,
568 1383 776 1467 recuperata
790 1371 952 1468 corporis
966 1369 1142 1461 firmitate,
1168 1395 1252 1443 mox
1270 1367 1318 1440 ad
1331 1367 1552 1467 vulgandam
1568 1374 1620 1442 ri-

314 1501 433 1568 ctoriae
449 1519 524 1567 suae
549 1490 660 1564 fidem
685 1497 763 1590 ipsa
785 1491 962 1565 latronum
980 1492 1157 1567 cadavera
1171 1467 1347 1591 'patibulis
1370 1499 1508 1590 ingesta
1527 1490 1620 1564 latius

314 1615 544 1715 inspectanda
567 1619 753 1690 constituit.
836 1618 1012 1689 Caeterum
1038 1632 1155 1688 castro
1179 1617 1326 1714 potituS,
1346 1611 1526 1712 quicquid
1544 1611 1620 1684 inibi

234 1795 238 1804 .
313 1739 450 1839 praedae
466 1743 615 1843 reperit,
649 1735 875 1814 clandestina
898 1737 1068 1812 custodiae
1091 1737 1260 1813 traditum
1275 1737 1401 1812 lutun's
1423 1735 1551 1810 usibus
1564 1758 1618 1807 as-

315 1863 479 1937 servavit.

447 1988 500 2056 Ea
515 1999 725 2080 tempestate
741 1986 831 2057 Scati
851 1999 886 2056 et
902 1983 1016 2055 ΗίειΙὶ2
1035 1984 1186 2056 fratrum
1199 1980 1352 2056 insoleus
1367 1980 1474 2080 lupus
1496 2003 1539 2051 eo
1554 2003 1616 2076 pe-

314 2108 472 2183 tulantiae
485 2107 682 2205 prorepsit,
708 2123 746 2179 ut
765 2103 967 2178 excellentis
985 2107 1113 2180 formae
1134 2107 1286 2205 virgines
1311 2103 1521 2204 parentibus
1543 2126 1617 2174 ere-

312 2248 393 2326 ptas
416 2227 612 2303 concubitu
632 2227 816 2301 violarent
873 2231 955 2320 Quo
980 2230 1114 2323 evenit,
1146 2226 1616 2326 utEsamquoque,01ari,

315 2359 542 2426 Wermorum
554 2350 681 2450 reguli,
694 2351 815 2440 filiam,
832 2351 952 2448 raptui
965 2348 1179 2424 destinantes
1187 2356 1277 2451 patri
1294 2347 1515 2454 mandarent,
1533 2350 1561 2422 si
1573 2345 1614 2418 il·

312 2477 385 2550 lam
407 2491 560 2549 externae
581 2473 717 2548 libidini
745 2472 910 2546 famulari
935 2474 1063 2566 nollet,
1089 2501 1156 2574 per
1180 2498 1219 2548 sc
1244 2473 1398 2546 aliumve
1420 2473 1615 2570 quempiam

312 2627 381 2699 pro
398 2598 532 2672 tuenda
544 2596 648 2697 prole
664 2596 880 2670 decerneret.
938 2596 1046 2688 Quod
1061 2623 1176 2694 quum
1194 2597 1261 2670 Olo
1277 2597 1408 2668 nuncio
1423 2593 1613 2692 comperis-

311 2740 378 2813 set,
402 2721 524 2795 oblata
534 2746 666 2820 pugnae
682 2719 851 2794 facultate
867 2721 1032 2816 gavisus,
1058 2719 1159 2794 Olavi
1173 2736 1319 2820 penates
1336 2722 1529 2819 agrestium
1540 2711 1612 2786 cul-

312 2863 388 2918 tum
403 2841 584 2917 mutuatus
599 2841 744 2916 accedit.
796 2841 864 2914 Ubi
886 2867 1000 2940 quum
1017 2845 1108 2917 iuter
1127 2861 1302 2940 extremos
1317 2837 1501 2916 discubitu
1522 2837 1613 2910 frue-

311 2983 418 3057 retur,
444 2983 655 3038 moerentem
675 2972 770 3066 regis
794 2965 964 3040 familiam
980 2970 1228 3066 conspicatus,
1253 2968 1333 3063 ejus
1354 2962 1428 3036 filio
1453 2961 1500 3034 de
1512 2957 1612 3032 indu-

312 3089 396 3162 stria
415 3089 566 3186 propius
582 3094 772 3182 accersito,
798 3088 888 3187 quid
912 3091 958 3162 ita
973 3095 1089 3162 caeteri
1109 3089 1272 3163 luctuosa
1292 3087 1381 3160 facie
1403 3099 1537 3175 essent,
1561 3087 1613 3152 in-

312 3211 429 3306 quirit.
482 3213 563 3302 Quo
582 3213 716 3285 sororis
732 3237 807 3286 suae
822 3210 1038 3309 pudicitiam,
1064 3213 1101 3282 ni
1119 3212 1324 3311 cujuspiam
1342 3209 1503 3285 defensio
1526 3210 1612 3282 ocius

310 3330 548 3424 intercederet,
572 3335 733 3431 proxime
749 3361 816 3433 per
831 3340 1023 3410 acerrimos
1036 3331 1177 3435 pugiles
1194 3333 1455 3434 profanandam
1479 3332 1614 3418 dicente,

311 3470 541 3550 percontatur
567 3482 728 3547 rursum,
753 3457 844 3556 quid
865 3460 1002 3556 praemii
1020 3475 1231 3555 recepturus
1257 3457 1364 3548 foret,
1390 3462 1454 3556 qui
1475 3457 1613 3532 salutern

311 3599 414 3648 suam
434 3601 500 3673 pro
515 3579 650 3678 virgine
670 3579 872 3654 devoveret
923 3581 1038 3678 Super
1053 3605 1128 3678 quo
1145 3579 1279 3654 Olavus
1297 3607 1363 3681 per
1377 3581 1493 3654 filiurn
1510 3586 1612 3652 inter-

311 3714 469 3795 rogatus,
485 3699 598 3772 filiam
614 3708 874 3801 propugnatori
894 3727 1076 3776 cessuram
1088 3701 1283 3801 respondit
1325 3707 1415 3797 Quae
1436 3729 1505 3778 ror
1521 3725 1611 3799 prae-

312 3820 455 3918 cipuam
477 3821 581 3894 Oloni
601 3823 783 3896 subeundi
800 3825 1008 3899 discriminis
1025 3823 1229 3923 cupidinem
1245 3827 1368 3901 attulit.
1428 3831 1609 3900 Cousrcrat

309 3957 428 4032 autem
445 3946 548 4046 virgo
562 3944 747 4044 hospitum
772 3948 895 4024 vultus
913 3951 1062 4047 propius
1086 3945 1290 4021 accedendo
1317 3975 1428 4049 quam
1451 3947 1609 4022 curicus-

308 4066 398 4138 sime
407 4067 558 4165 praelato
574 4069 707 4144 lumine
721 4071 963 4172 contemplari,
974 4095 1048 4170 quo
1066 4073 1194 4145 certius
1213 4073 1487 4174 susceptorum³
1505 4090 1609 4142 mores

354 4342 363 4374 ¹
380 4339 445 4419 Qut'
456 4341 557 4402 sedulo
567 4339 746 4428 'perlt'rretus]
770 4344 832 4426 Qui
851 4353 935 4404 recte
1042 4344 1140 4424 ³Qu0
1156 4346 1265 4404 certius
1286 4364 1483 4432 susceptorum
1504 4331 1605 4414 merita]

308 4437 433 4512 omnino
446 4445 568 4531 scripsit
584 4447 769 4531 stephanius
784 4469 842 4532 pro
859 4451 938 4532 quod
996 4448 1127 4532 Quinam
1149 4460 1220 4509 sunt
1245 4447 1305 4511 boc
1325 4450 1357 4510 in
1385 4452 1455 4515 loco
1479 4447 1607 4532 Suseepti,

308 4551 341 4611 in
355 4551 488 4614 editione
502 4551 652 4638 priucipe,
672 4552 710 4615 ab
723 4553 883 4617 oscitantia
899 4553 935 4615 li·
994 4575 1034 4615 an
1047 4556 1256 4640 Suseeptores?
1276 4557 1357 4618 Puto
1375 4569 1511 4620 autorem
1529 4546 1609 4614 iutel-

308 4655 402 4718 brarii
416 4655 599 4739 profectum.
611 4659 723 4738 (Scrib.
739 4685 758 4724 a
770 4684 848 4726 cuae.
859 4660 934 4744 Mg.)
994 4658 1087 4742 ligere
1110 4661 1236 4746 bospitio
1252 4679 1415 4749 susceptos,
1434 4663 1467 4726 id
1488 4671 1539 4732 est,
1556 4653 1606 4714 bo-

352 4765 466 4825 ²Scau'
482 4781 511 4826 et
530 4761 630 4844 Hr'ali]
653 4768 701 4828 De
725 4765 771 4828 bis
791 4764 852 4832 vid.
871 4777 938 4826 not.
995 4763 1097 4850 spllet.
1119 4763 1170 4844 (S)

308 4867 392 4929 aber.

747 5081 757 5116 f
