3520 5462
685 315 883 397 adorno.
1344 319 1390 392 ts

125 531 302 630 sunguine
316 549 446 628 poema
472 529 630 612 arande
652 523 790 605 dautes
848 528 967 626 Piguit
991 523 1168 625 inexpleta
1185 523 1442 610 aviditatibra·

125 652 205 732 cbin
227 653 456 752 porrexisse,
505 647 639 726 Puduit
661 651 780 728 mineus
805 655 914 750 wie
943 647 1180 728 exhortationi
1216 675 1334 750 quam
1350 679 1442 754 pro·¹

124 781 213 874 priae
231 771 427 862 indulsisse
440 771 640 872 cupiditati.
983 851 986 856 ,

156 959 161 969 .
260 901 365 980 Post
386 894 467 980 baec
484 893 761 992 celeberrimum
777 892 901 972 insulae
917 893 1097 993 oppidum
1110 893 1360 974 Lundoniam¹
1381 925 1444 998 pe·

124 1025 176 1108 tit.
235 1022 353 1119 Cujus
365 1043 553 1104 murorum
581 1017 749 1103 firmitate
772 1019 1043 1116 expugnationis
1059 1016 1266 1097 lactrltatem
1279 1039 1444 1120 negante,

125 1148 253 1218 mortis
269 1141 495 1222 simulatione
508 1140 624 1232 lecta,
648 1144 744 1215 vires
766 1139 815 1214 ab
830 1145 958 1214 astutia
981 1155 1165 1216 mutuatus
1178 1147 1266 1218 eut2.
1325 1145 1443 1244 Siqui-

124 1265 211 1343 dem
224 1261 625 1364 praeieetusLundnnire
642 1260 923 1353 Delemaonus³,
934 1285 1018 1336 eum
1034 1259 1165 1336 salsum
1181 1261 1227 1337 de
1242 1267 1324 1365 ejus
1339 1267 1443 1344 obitu

122 1393 299 1465 nuncium
313 1389 520 1485 accepisset,
544 1389 698 1484 receptis
721 1389 757 1458 in
770 1382 991 1463 deditionem
1012 1386 1144 1474 Dacis,
1179 1384 1311 1462 ducem
1329 1415 1373 1464 ex
1389 1395 1444 1464 in·

124 1509 270 1610 digeris
291 1508 405 1596 offert„
471 1509 590 1602 Quem
612 1523 653 1582 ut
676 1533 720 1583 ex
742 1531 875 1606 magno
898 1531 1031 1584 acervo
1053 1505 1232 1608 legerent,
1263 1511 1442 1610 oppidum

124 1635 260 1708 intrem
272 1632 443 1731 permisit.
496 1630 640 1723 Quibus
656 1622 839 1706 electionis
863 1628 1083 1732 diligentiam
1099 1629 1362 1728 simulantibus,
1376 1657 1444 1712 no·

125 1759 264 1831 ctnruis
277 1748 413 1830 institis·
428 1758 696 1830 circumuentus
712 1753 937 1852 opprimitur.

261 1879 325 1955 ldis
348 1881 477 1977 gesna,
508 1899 632 1974 regem
659 1876 697 1960 in
723 1874 876 1974 patriam
903 1899 1110 1974 regressuro
1134 1877 1262 1954 Sento*
1294 1877 1443 1978 quidam

125 2000 297 2076 convivio
311 2004 453 2099 excipit,
475 1997 611 2075 bellicis
628 2000 708 2096 ejus
733 1994 922 2074 laboribus
950 1989 1145 2098 voluptatis
1160 2000 1341 2078 licentiam
1355 2029 1444 2104 per·

126 2128 314 2198 mixturas.
366 2120 476 2222 Apud
490 2145 602 2220 quem
617 2117 754 2194 Frotho
776 2119 866 2194 dum
885 2122 988 2219 regio
1002 2146 1105 2198 more
1118 2125 1238 2199 emtis
1253 2149 1345 2199 auro
1362 2126 1444 2225 pul.

126 2244 316 2321 vinarihus
337 2243 543 2334 accubaret,
567 2267 635 2342 per
656 2239 893 2341 Hundingurn
915 2243 1096 2343 quendam
1122 2243 1171 2322 ad
1194 2244 1441 2324 dimicandum

125 2384 368 2468 provocatus,
393 2364 605 2466 quanquar'n
623 2364 891 2443 convivatione
919 2381 1078 2444 mentem
1092 2365 1233 2466 gaudiis
1247 2371 1445 2468 impendis·

126 2507 201 2582 set,
224 2489 311 2588 plus
330 2513 464 2590 pugnae
487 2489 757 2590 propinquitate
777 2511 892 2586 quarn
915 2486 1107 2585 epularum
1132 2493 1323 2588 praesentio
1345 2491 1445 2570 dele·

127 2629 258 2703 ctatns,
281 2610 405 2690 duello
419 2637 573 2702 coenam,
599 2615 746 2692 victoria
762 2607 925 2686 duellum
939 2609 1105 2688 absolvit·
1162 2615 1202 2684 ln
1218 2637 1294 2712 quo
1320 2613 1443 2695 dubioe

127 2733 254 2815 salutis
275 2733 425 2816 vulnere
461 2751 649 2834 suscepto,
683 2757 830 2816 rursum
857 2733 1014 2834 Haquioi
1036 2731 1169 2833 pugilis
1193 2733 1444 2817 adhortatione

127 2861 351 2959 pernotus,
375 2863 606 2956 provocantis
620 2883 709 2936 nece
723 2855 896 2934 ultionem
914 2859 1058 2930 imitatae
1069 2859 1204 2956 quietis
1216 2863 1342 2958 eregit
1365 2862 1444 2936 Du·

128 3005 173 3056 ns
195 3007 240 3059 ex
261 2979 508 3070 cubiculariis,
523 2979 645 3078 putem
665 2977 875 3056 insidiarum
900 2982 1094 3070 conuictos,
1117 2981 1325 3080 ingentibus
1349 2987 1444 3062 sads

129 3105 255 3183 affixos
276 3104 410 3206 pelago
423 3106 558 3196 obruit,
578 3102 827 3205 ponderosum
844 3103 953 3184 animi
976 3106 1111 3181 cumen
1127 3128 1265 3180 actura
1279 3109 1443 3207 eorpori-

127 3226 202 3303 bus
215 3227 311 3305 orcle
322 3226 547 3307 mulctando.
607 3231 743 3305 Ferunt
760 3223 915 3324 quidam,
926 3222 1105 3300 Ulvildnm
1120 3242 1207 3300 tune
1221 3233 1252 3300 ei
1271 3231 1445 3306 insecabi-

127 3349 201 3424 lem
216 3350 316 3435 ferro
335 3351 741 3449 venundationem
761 3352 1049 3426 circumamictus
1072 3347 1176 3427 nulle
1189 3348 1345 3428 telorum
1359 3377 1444 3430 aeu-

128 3475 227 3568 mine
240 3472 443 3551 luduntur.
511 3477 584 3554 Nec
606 3469 909 3572 praetereundum,
929 3467 1148 3553 Frotbonem
1171 3481 1445 3552 conmsiaonnr·

129 3595 342 3696 malitiaque
361 3604 438 3680 auri
464 3595 703 3696 tegernsee
722 3569 824 3670 ribda
850 3616 1063 3692 respergere
1093 3591 1275 3687 solitum⁶‚
1307 3599 1444 3697 quibua

127 3718 326 3799 adamum
356 3717 547 3830 sarabiam
574 3715 819 3797 venefiourum
845 3713 991 3794 undu
1010 3729 1180 3794 uteretu.
1263 3721 1330 3796 Hic
1354 3721 1443 3798 dont

181 4031 417 4096 ¹Cdehem'mum
430 4031 760 4119 ,malaoppidumLuw
813 4023 902 4089 Edda
923 4025 1076 4092 sementi
1099 4025 1213 4122 (Quiris
1235 4027 1398 4094 Gudrunar
1416 4035 1444 4094 11

127 4135 261 4215 decenn]
283 4135 346 4200 vid
367 4149 431 4201 not.
452 4136 503 4200 ub.
815 4143 869 4196 atr.
900 4125 956 4212 14,
980 4131 1059 4196 onir.
1082 4133 1161 4198 Edd.
1181 4137 1288 4198 Snorr.
1311 4157 1343 4219 p.
1369 4133 1443 4218 195)

179 4247 286 4306 ²Vires
298 4245 337 4308 ab
355 4251 468 4308 astutia
480 4257 630 4306 mutuatur
643 4218 759 4318 nilne
817 4239 896 4301 skati
912 4238 1065 4306 invenitur
1091 4251 1234 4330 tanquam
1258 4259 1370 4304 nomen
1390 4263 1444 4326 ap·

126 4349 523 4444 hoecestrategematejurn
540 4361 629 4414 antea
647 4370 664 4411 a
681 4350 759 4412 Fre·
817 4345 996 4430 pellatirum
1026 4364 1130 4432 regem
1153 4346 1216 4411 sive
1237 4345 1362 4410 heroem
1382 4347 1444 4434 aig·

19 4512 23 4523 .
126 4455 228 4518 thone
244 4455 381 4519 adhibito
396 4455 457 4520 rid.
471 4477 561 4542 supra
574 4477 605 4538 p.
626 4449 679 4516 66.
815 4449 949 4516 nilicans.

177 4559 414 4644 ’vacuamu]
432 4565 489 4628 Est
512 4581 624 4626 nomen
642 4559 759 4644 buglo-
862 4555 1102 4637 ‘concedatad
1117 4555 1176 4624 Ed·
1189 4578 1236 4646 pr.
1257 4554 1350 4622 habet
1376 4581 1443 4620 eon·

122 4667 306 4742 saxonicum
323 4667 519 4732 Brittonibue
529 4668 678 4752 ignotum.
815 4662 975 4724 corellius·

177 4771 302 4851 *Skato]
314 4777 433 4837 Nomen
448 4773 589 4838 Skatonis
604 4767 760 4854 eujusdam
866 4768 1029 4832 “contuso
1057 4775 1126 4839 euri
1134 4769 1338 4858 fragminibus
1366 4770 1443 4832 cibes

123 4879 200 4961 jam
215 4875 245 4938 in
259 4876 384 4944 historin
400 4880 519 4946 Sldoldi
534 4883 680 4946 occurrit.
727 4881 762 4941 lo
819 4897 985 4962 respergere
1005 4875 1134 4956 solitum]
1156 4873 1217 4940 vid
1238 4886 1302 4939 not.
1324 4871 1408 4938 uber.
1542 4948 1545 4953 ¹
