3476 5460
407 317 481 392 tto
724 319 899 392 tttstott.
916 320 1020 392 DAN.
1036 317 1172 390 LIBER
1197 319 1283 394 Vttt.

358 545 459 608 vasta
475 531 698 622 mansissent,
711 551 941 628 nequaquam
957 528 1064 606 unius
1077 531 1170 604 ruris
1183 527 1329 630 glebam
1341 478 1618 608 interfecimus·
1690 503 1691 526 ³

358 669 415 728 tro
431 649 563 740 sulcus]
581 663 794 749 mnacesque
819 649 991 725 arborum
1006 649 1144 726 radices
1166 655 1291 751 partiri
1305 653 1498 752 potuissent
1549 655 1619 730 Col-

359 776 412 850 les
430 796 598 873 qnoque,
628 797 723 872 quos
744 779 781 846 in
802 772 912 871 plano
935 771 1202 850 humandorum
1220 773 1433 850 cadaverum
1449 800 1526 850 cura
1540 791 1619 848 vete-

358 923 439 972 rum
462 895 569 968 labor
588 909 808 989 astrinxerat,
839 920 998 994 praesens
1024 896 1136 996 sylvae
1153 899 1334 998 congeries
1352 913 1507 997 occupat.
1550 901 1622 970 Cer-

359 1043 446 1092 nere
462 1023 568 1092 etiam
585 1035 638 1092 est
654 1005 799 1093 crebros
819 1033 1002 1117 petrarum
1018 1043 1168 1096 acervos
1183 1019 1364 1117 sylvarum
1383 1019 1520 1095 saltibus
1533 1022 1621 1091 inter

360 1143 455 1230 sitos,
472 1165 563 1238 qnas
579 1157 653 1214 toto
672 1143 856 1241 quondam
870 1169 954 1218 rure
969 1143 1159 1240 dispersas,
1174 1169 1220 1216 ne
1240 1141 1504 1242 proscindendis
1517 1143 1622 1239 ubique

202 1351 206 1360 ¹
260 1301 265 1312 ·
360 1261 469 1337 sulcis
484 1261 678 1353 officerent,
693 1268 862 1364 conjectis
878 1268 916 1339 in
936 1282 1069 1340 struem
1083 1263 1260 1358 molibus,
1283 1272 1417 1340 rustica
1429 1289 1508 1340 cura
1524 1263 1623 1338 suble-

360 1392 421 1487 git,
444 1385 582 1460 malens
606 1387 774 1486 exiguum
798 1394 873 1487 agri
900 1386 1052 1486 perdere
1071 1413 1182 1486 quam
1203 1403 1318 1461 totum
1340 1385 1477 1462 difficile
1493 1389 1623 1483 reperite

360 1506 462 1582 Unde
493 1534 536 1581 ex
567 1533 624 1598 eo,
648 1509 750 1608 quod
777 1528 863 1584 tnnc
892 1510 1170 1584 exercendorum
1190 1509 1337 1584 liberius
1363 1533 1520 1583 arvorum
1542 1510 1625 1606 gratis

361 1631 554 1730 agrestium
579 1629 683 1703 labor
709 1651 845 1732 egerat,
866 1635 996 1732 prioris
1012 1639 1077 1707 aevi
1095 1628 1256 1731 populns
1271 1649 1418 1730 postero
1440 1630 1624 1705 numerosior

361 1757 514 1826 extitisse
536 1752 787 1852 perpenditur,
823 1761 886 1855 qui
919 1755 1094 1831 brevibus
1124 1753 1248 1855 agellis
1277 1769 1462 1828 contentus
1489 1767 1624 1853 agrestem

362 1897 511 1972 operam
532 1877 617 1946 citra
641 1881 769 1951 veteris
791 1877 941 1951 culturae
964 1878 1111 1976 vestigia
1133 1875 1288 1950 cohibet
1362 1881 1484 1975 Itaque
1503 1895 1625 1972 presens

362 1995 473 2070 seculi
501 1995 621 2070 vultus
637 2021 751 2096 capax
768 1999 953 2098 quondam
972 2005 1088 2074 aristae
1105 1996 1224 2074 solnm
1246 2027 1344 2075 nunc
1360 1997 1535 2101 gignendis
1547 1994 1624 2095 gian-

363 2117 471 2192 dibns
487 2116 653 2212 idoneo¹,
669 2137 916 2221 agrestemque
927 2125 1051 2198 aduam
1067 2147 1109 2196 ac
1118 2123 1282 2197 Cereales
1299 2122 1440 2199 culmos
1454 2122 1571 2196 consita
1581 2141 1626 2187 ar-

361 2238 516 2316 boribus
530 2239 619 2314 sacie
637 2265 676 2315 se
690 2260 913 2341 permutasse
926 2251 1084 2320 miratur.
1151 2249 1197 2318 Et
1212 2242 1291 2318 bueo
1305 2245 1453 2344 quidem
1466 2243 1509 2318 de
1522 2245 1626 2324 Srione,

364 2388 475 2462 qnam
495 2367 676 2438 verissime
691 2371 806 2465 potui,
826 2365 964 2467 digesta
982 2345 1199 2443 sufficiant'
1448 2457 1457 2474 ,

364 2527 365 2530 ¹
494 2491 586 2567 Huic
606 2486 767 2562 succedit
790 2492 934 2586 Biom²;
955 2492 1111 2591 itemque
1133 2507 1217 2590 pust
1236 2493 1357 2590 ipsum
1381 2485 1563 2565 Haraldus³
1582 2505 1625 2554 re·

362 2645 445 2694 rum
468 2614 665 2710 assequitur
679 2635 866 2686 summam.
920 2615 1034 2711 Cujus
1048 2613 1123 2688 filio
1139 2617 1313 2688 Gormoni
1329 2617 1420 2688 inter
1435 2614 1559 2712 priseos
1569 2605 1625 2676 lta-

364 2766 496 2817 norum
514 2737 626 2810 duces
648 2761 723 2810 non
745 2735 878 2808 infimae
901 2735 1018 2809 laudis
1038 2735 1162 2810 locum
1181 2761 1305 2810 rerum
1326 2752 1470 2810 strenue
1489 2747 1627 2832 gestarm

363 2863 488 2940 titulus
501 2859 633 2934 tribuit.
647 2907 652 2914 -
692 2861 759 2931 Hic
776 2861 1027 2950 orimnorum
1041 2857 1202 2932 andaciae
1218 2881 1332 2958 genus
1350 2855 1558 2956 completus,
1570 2847 1627 2919 ha·

364 2985 569 3064 reditarium
586 2979 798 3055 fortitudinis
811 2981 974 3079 spiritum
997 2981 1200 3056 scrutandoe
1220 3005 1344 3053 rerum
1368 2994 1501 3052 naturae
1513 2969 1628 3071 vestiffti

365 3133 476 3207 quam
496 3103 600 3177 armis
625 3103 789 3176 excolere
821 3102 964 3200 maluit,
990 3119 1102 3201 utque
1123 3103 1212 3177 alios
1233 3125 1362 3202 regum
1387 3093 1629 3174 ardorhetticu

365 3231 415 3304 ite
430 3235 549 3328 ipsum
574 3224 906 3326 cognoscendorum
932 3225 1168 3319 mirabilium,
1195 3249 1425 3324 quaecunque
1446 3221 1502 3297 vel
1520 3215 1630 3315 experi-

366 3367 488 3426 mento
513 3345 737 3447 deprehensa
767 3347 825 3425 vel
841 3373 988 3423 rumore
1022 3347 1168 3448 vulgata
1181 3347 1332 3440 fuerant,
1346 3336 1630 3446 praecordialissi-

366 3473 529 3550 mulabus
549 3468 706 3545 aviditas.
763 3471 929 3569 Cumque
951 3485 1041 3544 esset
1067 3487 1210 3545 externa
1232 3487 1343 3570 atque
1357 3473 1516 3545 inusitata
1531 3453 1630 3536 visendi

367 3593 542 3697 cupidus,
564 3591 815 3693 experiendam
835 3618 910 3692 prae
928 3594 1063 3666 caeteris
1080 3591 1178 3691 duxit
1191 3592 1340 3668 Geruthi
1364 3591 1545 3694 cujusdam
1561 3583 1632 3660 sedi-

362 3721 453 3793 ‘um⁴
471 3733 652 3818 acceptam
668 3742 688 3790 a
706 3715 968 3818 Thyleusibns⁶
991 3716 1135 3790 famam.
1204 3715 1430 3792 incredibilia
1452 3717 1539 3790 enim
1551 3707 1631 3786 absit

415 4034 559 4120 ¹Isioueo]
575 4034 692 4122 Edrpr.
708 4035 801 4102 babet
820 4037 948 4100 adoneus.
1051 4045 1134 4096 runt.
1182 4037 1289 4098 Exstat
1311 4037 1342 4098 in
1365 4033 1453 4100 Edda
1471 4025 1634 4098 Snorroniana

413 4139 541 4224 ²Biora]
553 4143 597 4205 lta
611 4140 659 4207 ed.
672 4167 720 4229 pt.
737 4142 919 4226 stephanius
934 4163 990 4226 po·
1051 4139 1170 4224 mythns
1184 4137 1305 4224 qnidam
1323 4143 1360 4206 de
1372 4139 1554 4227 profectione
1565 4126 1635 4196 thou

368 4249 428 4314 snit
448 4255 548 4313 Biora.
1053 4245 1198 4310 adsedem
1206 4239 1634 4328 Geruthtoeirrottrrgudqn

420 4361 526 4419 'Bibra
551 4401 572 4418 ..
593 4353 763 4436 Humidus]
775 4357 822 4416 De
836 4351 995 4415 hisdnnm·
1054 4351 1162 4416 nititur
1182 4354 1313 4416 carmine
1331 4351 1386 4416 snb
1399 4347 1488 4416 finem
1503 4344 1590 4414 monii
1600 4337 1634 4400 ii

369 4460 442 4526 viris
460 4458 541 4524 idem
554 4460 634 4524 vaiet
649 4479 684 4522 ac
698 4457 736 4520 de
750 4459 795 4537 iis,
815 4479 891 4543 qnos
906 4458 995 4522 Suio·
1056 4458 1158 4522 nimia
1181 4470 1273 4543 poeta
1294 4461 1437 4542 Norvego
1461 4455 1552 4518 sitim
1576 4439 1635 4511 Gssi·

369 4567 416 4636 ttis
442 4581 644 4632 antecessores
672 4561 763 4628 fuisse
797 4563 878 4626 Saxo
902 4585 994 4650 snpra
1054 4585 1140 4628 runa
1154 4563 1219 4628 filio
1240 4577 1361 4632 maneto
1381 4561 1482 4646 (Edda
1502 4560 1544 4626 ed.
1560 4546 1635 4622 Ruti

370 4685 554 4737 narraverat.
1052 4694 1084 4756 p.
1100 4669 1157 4734 112
1171 4671 1270 4758 sequ.)

416 4773 696 4856 ⁴Geruttisedium]
711 4775 863 4839 Gerutbtts
878 4775 931 4839 ille
945 4789 991 4840 est
1098 4783 1108 4815 ⁵
1130 4775 1330 4861 Thylenst'bus]
1357 4779 1481 4841 Constat
1504 4791 1536 4834 ex
1552 4755 1634 4851 prait-

229 4946 240 4968 ‚
373 4884 476 4964 Gigas,
502 4901 593 4964 quem
617 4879 727 4945 {aiendi
754 4880 882 4944 Geirriid
909 4882 990 4944 dixe·
1053 4884 1137 4946 tione
1158 4883 1294 4961 Saxonis,
1319 4885 1479 4964 Thylenses
1492 4893 1549 4939 esve
1568 4867 1636 4931 [sian
