3442 5456
361 281 435 356 292
705 277 1159 352 taratarantium
1180 279 1234 352 Vl.

310 486 439 562 urbem
463 481 632 583 Upsalam
665 457 904 582 pervenisset,
945 488 1103 586 ingressu
1118 485 1312 581 ‚absum
1336 487 1533 584 praemittit,
1568 487 1622 584 qui

309 606 572 684 Starcatherum
599 583 819 682 salutationis
842 606 958 682 olllcio
984 625 1231 707 praetentatum
1257 607 1305 682 ad
1330 607 1526 685 Frothonis
1549 605 1622 678 srliae

309 734 454 832 nuptias
475 734 645 804 invitaret.
699 736 779 826 Qua
795 737 964 810 comitate
987 730 1230 808 Storcatherus
1257 729 1408 834 perinde
1430 757 1475 804 ae
1504 731 1623 830 injuria

310 859 503 945 lacessitus,
530 859 648 928 acriru
660 855 863 954 inspectum
880 861 1049 956 juvenem
1065 873 1138 930 tarn
1154 861 1283 954 ineptae
1303 854 1488 954 legationis
1504 874 1622 952 paenas

311 980 481 1057 daturum
501 976 699 1075 respondit,
724 981 792 1054 nisi
815 981 986 1054 carissimi
1009 981 1065 1052 sui
1087 976 1274 1050 Frothonis
1291 983 1510 1063 mentionem
1523 1000 1622 1048 man-

311 1104 402 1177 datis
417 1104 582 1176 insertam
600 1098 760 1195 haberet,
786 1101 888 1201 quod
912 1127 950 1176 se
966 1125 1100 1174 scurrae
1119 1099 1177 1174 vel
1194 1101 1340 1198 parasiti
1354 1125 1456 1173 more
1471 1099 1624 1172 lautioris

310 1227 486 1301 alimoniae
501 1225 611 1323 gratia
628 1222 677 1295 ad
687 1223 811 1298 alienae
829 1223 957 1296 culinae
966 1223 1132 1296 nidorem
1147 1223 1338 1298 decurrere
1346 1223 1494 1296 solitum
1508 1220 1623 1294 eristi-

309 1350 463 1424 maverit
505 1344 626 1438 ¹Quod
640 1363 832 1443 postquam
849 1347 963 1446 Helgo
978 1372 1021 1420 ex
1045 1345 1192 1422 satellite
1215 1349 1394 1448 cognovit,
1415 1347 1553 1446 regiam
1571 1344 1624 1412 in-

309 1496 473 1575 gressus,
499 1467 690 1544 Frothonis
710 1469 793 1542 filiae
818 1469 919 1543 titulo
944 1467 1207 1544 consalutatum
1237 1494 1358 1544 senem
1391 1466 1567 1558 condictae
1588 1489 1625 1536 ex

282 1677 284 1680 ,
309 1591 566 1694 provocatione
582 1618 715 1690 pugnae
731 1594 869 1666 socium
886 1592 1061 1692 deposcit,
1086 1595 1143 1666 cui
1167 1594 1216 1666 ob
1232 1591 1304 1666 hoe
1327 1593 1503 1666 seminus
1524 1586 1624 1660 suffi-

300 1743 391 1792 cere
405 1716 503 1805 dixit,
528 1714 629 1812 quod
656 1715 875 1788 conflicturus
901 1742 1025 1790 secum
1048 1721 1160 1816 partis
1183 1742 1373 1791 numerum
1401 1709 1626 1788 condictionis

311 1839 442 1915 modus
458 1839 629 1910 incertum
653 1837 843 1935 reliquerit.
904 1842 1022 1932 Quem
1046 1835 1308 1931 Starcatherus‚
1328 1837 1410 1912 loco
1435 1834 1625 1908 certaminis

311 1988 354 2036 ac
371 1979 534 2058 tempore
562 1962 724 2057 cognito,
750 1985 825 2032 uon
844 1960 962 2033 solum
980 1961 1181 2060 supplicem
1196 1967 1350 2060 recepit,
1375 1987 1503 2038 verum
1525 1966 1624 2032 etiam

312 2085 430 2160 auxilii
451 2083 686 2180 promissione
701 2081 881 2158 linuatum
896 2086 1048 2156 Daoiam
1064 2109 1147 2156 cum
1163 2085 1353 2158 comitibus
1367 2101 1527 2184 repetere
1545 2085 1625 2182 jus-

310 2211 366 2299 sit,
390 2203 580 2298 allirmans,
603 2229 642 2278 se
670 2207 749 2304 ejus
765 2205 903 2280 aditum
924 2206 1067 2281 occulto
1089 2205 1187 2280 callis
1213 2208 1427 2306 compendio
1452 2212 1623 2306 quaesitu-

310 2356 404 2424 rum.
456 2332 539 2421 Quo
557 2326 775 2420 discedente,
807 2331 998 2428 interjectis
1016 2329 1146 2404 diebus
1167 2329 1424 2427 prosectionem
1449 2354 1572 2420 orsus,
1600 2326 1626 2398 si

310 2455 416 2530 bruce
435 2451 531 2526 credi
554 2451 606 2522 fas
631 2467 696 2542 est,
721 2452 906 2528 velocitate
931 2478 1075 2554 gressus
1101 2470 1239 2526 tantum
1272 2452 1437 2528 locorum
1461 2451 1545 2529 diali
1569 2454 1625 2526 iti-

309 2580 414 2650 nere¹
435 2597 601 2648 emensus
624 2574 800 2673 proditur,
826 2594 1001 2675 quantum
1027 2576 1272 2676 praecedentes
1289 2577 1418 2660 diebus
1437 2575 1624 2650 duodecim

309 2721 522 2798 peragrasse
540 2694 726 2787 dicuntur,
751 2700 799 2771 ita
814 2716 855 2777 ut
871 2701 1011 2798 utrique
1030 2700 1175 2774 fortuito
1199 2679 1430 2798 vestigiorum
1452 2725 1624 2774 concursu

311 2847 386 2896 uno
420 2817 624 2916 eodemque
664 2835 825 2918 tempore
865 2821 1057 2896 destinatos
1085 2821 1207 2922 lngelli
1241 2841 1388 2922 penates
1415 2825 1623 2924 attingerent

310 2944 380 3020 Ubi
397 2967 481 3016 cum
499 2939 743 3016 Starcatherus
766 2945 1006 3019 ministrorum
1023 2971 1124 3042 more
1163 2970 1304 3020 mensas
1339 2952 1498 3022 convivis
1523 2947 1624 3020 obsi·

311 3082 365 3140 tas
389 3065 606 3162 praeteriret,
631 3069 896 3164 praememorati
916 3093 1048 3142 norem
1068 3066 1183 3168 plenis
1210 3067 1441 3144 deformitatis
1471 3069 1625 3170 gestibus

310 3203 433 3262 torvos
450 3211 513 3260 ore
530 3188 693 3262 fremitus
717 3187 840 3261 dantes
865 3195 1029 3263 ac'more
1056 3191 1197 3266 scarrico
1219 3188 1467 3268 decursantes²
1497 3199 1532 3266 iu
1553 3219 1624 3292 pu-

310 3335 421 3411 gnam
445 3333 486 3384 sc
513 3328 642 3386 mutua
665 3310 911 3386 adhortatione
932 3311 1133 3387 firmabant.
1199 3315 1287 3388 Sunt
1307 3317 1371 3414 qui
1393 3339 1457 3390 eos
1480 3315 1623 3390 venienti

312 3432 452 3522 adaletae
464 3437 685 3508 saevientium
701 3459 831 3510 canum
847 3433 1013 3534 exemplo
1028 3434 1225 3510 oblatrasse
1248 3433 1471 3534 perhibeant.
1535 3439 1623 3528 Qui-

310 3558 383 3632 bus
406 3555 647 3632 Starcatherus
673 3559 879 3657 increpatis,
904 3557 1006 3658 quod
1029 3557 1224 3632 adulterino
1247 3560 1319 3635 oris
1343 3556 1471 3632 habitu
1490 3557 1623 3630 ridicu-

309 3679 385 3754 lam
412 3678 648 3754 sibiformam
665 3684 934 3775 consciscerent,
959 3681 1165 3780 patulisque
1184 3680 1382 3755 buccarum
1397 3680 1544 3756 rictibus
1569 3677 1624 3786 la-

361 4015 371 4048 ¹
384 4013 470 4074 Diali
483 4007 598 4089 itinere]
614 4011 658 4073 Ita
675 4010 846 4090 (llacrobio
864 4025 941 4077 teste
1004 4033 1063 4096 goa
1077 4007 1243 4074 Halurensi
1266 4011 1448 4096 composuit}
1462 4009 1551 4091 (aar.
1562 4025 1625 4090 reg.

312 4119 435 4179 Satura.
458 4115 511 4179 lib.
527 4119 553 4178 11
573 4135 640 4200 cap.
659 4115 694 4196 Q)
720 4120 866 4182 Otacilius
890 4125 943 4182 Pi·
1003 4123 1098 4182 Norv.
1112 4119 1174 4183 rol.
1188 4121 1202 4180 l
1216 4141 1246 4202 p.
1262 4114 1317 4196 95)
1332 4119 1373 4180 ait
1389 4117 1429 4182 de
1449 4117 1564 4182 athletis
1577 4133 1623 4175 re·

312 4224 442 4296 siolaus,
475 4247 540 4286 cum
571 4224 713 4286 Canrtutu
740 4227 857 4288 Rebilus
884 4249 941 4286 uuo
1005 4227 1080 4311 giis:
1094 4227 1235 4310 greur'odo
1248 4227 1398 4288 Berserkir
1410 4224 1428 4288 i.
1447 4225 1621 4288 &ulularunt

313 4343 428 4390 tautum
443 4331 489 4391 dic
503 4331 738 4414 cousulsur'sset,
751 4333 845 4392 draci:
864 4337 944 4394 Ante
1004 4332 1164 4410 Berserlti3
1185 4329 1351 4414 iisdemque
1367 4331 1471 4394 verbis
1491 4325 1623 4392 describi·

311 4433 553 4512 blammmnuoc
561 4436 943 4520 Consulesdr'olesfiuut.(8)
1005 4449 1057 4500 tur
1075 4435 1162 4500 furor·
1188 4437 1359 4520 Augentyri
1386 4436 1568 4520 fratrumque
1589 4430 1623 4490 5¹²

359 4544 495 4602 ²Toruos
511 4567 560 4603 ore
570 4543 715 4625 fremitus
737 4588 761 4606 ..
785 4547 943 4606 decursau·
1004 4545 1302 4626 Hervararsagacap·
1313 4547 1343 4609 V
1356 4534 1620 4626 (nitasuram)

315 4641 371 4726 tes]
397 4648 498 4710 Furor
528 4645 717 4712 berserlticus
752 4647 942 4714 describitur.
1003 4651 1219 4712 momorderunt
1229 4655 1377 4733 murgr'ues
1391 4661 1564 4726 scutornmgt
1577 4665 1622 4702 w·

314 4751 359 4812 lta
379 4749 589 4829 Horrrhlosrus,
611 4765 696 4816 rates
718 4753 847 4818 Haraldi
869 4758 942 4818 Pul·
1003 4755 1147 4816 &menter
1183 4759 1335 4820 retulerunt
1363 4751 1437 4837 (rid.
1465 4761 1559 4816 annot.
1582 4743 1620 4805 tle

315 4853 473 4932 cbricomi,
494 4855 526 4916 in
549 4858 700 4940 carmine,
727 4859 809 4945 quod
830 4860 868 4924 de
889 4883 945 4944 pu·
1002 4861 1159 4925 Berserlis
1173 4861 1211 4926 ad
1231 4865 1344 4927 calcem
1358 4855 1569 4943 liristnisagae·)
