3446 5458
678 305 884 394 tttltttctts.
1314 316 1382 394 tet

127 547 231 630 ptum
245 527 362 630 plenis
379 529 616 604 miserationis
634 525 750 604 oculis
766 529 961 628 aspexistis
1019 530 1136 622 Quem
1156 529 1204 604 eb
1216 532 1437 608 succinimc

126 652 293 726 carnifice
313 655 441 752 spiritu
464 649 677 750 spoliatum,
716 667 758 726 ut
781 652 897 752 patria
922 647 1087 724 libertate
1114 668 1322 744 exumetur,
1354 653 1437 752 quis

123 774 286 850 dubitet?
337 777 415 848 Una
431 795 558 848 manus
577 775 610 848 ei
625 773 741 848 latum
757 789 793 848 et
821 771 928 848 robis
944 777 1151 848 servitutem
1166 774 1299 874 injecit.
1348 777 1437 869 Quis

124 897 232 996 igitur
251 911 325 969 tam
338 921 474 988 amens,
497 912 538 971 ιιι
553 897 734 994 Feugouis
752 892 1000 970 crudelitatem
1016 894 1318 972 Hortendillianm
1334 921 1438 997 prm-

122 1017 213 1090 lerat
229 1018 376 1116 pietati?
399 1021 629 1112 Mementote,
645 1043 719 1116 qua
742 1043 807 1093 ros
829 1013 1084 1092 Hortendillus
1099 1015 1349 1094 benevolentia
1372 1017 1438 1092 lo-

122 1143 223 1232 verit,
247 1142 381 1240 justitia
396 1137 567 1234 coluerit,
588 1139 808 1236 humanitate
828 1138 999 1214 dilexerit.
1049 1141 1290 1234 Memineritis,
1304 1138 1436 1240 adem-

121 1280 225 1362 ptum
241 1262 350 1338 vobis
367 1262 593 1336 mitissimum
605 1287 741 1362 regem,
764 1261 1003 1362 justissimum
1024 1277 1175 1360 patrem,
1198 1261 1435 1364 subrogatum

122 1403 326 1484 tyrannum,
342 1381 798 1483 suffectumparricidatn1,
822 1400 947 1484 erepta
966 1385 1066 1483 jura,
1084 1387 1322 1460 contaminata
1346 1409 1435 1460 cm-

121 1512 191 1599 nia,
217 1505 394 1606 pollutam
411 1504 554 1604 flagitiis
570 1509 735 1605 patriam,
750 1512 959 1606 impositum
974 1507 1174 1582 cervicibus
1191 1511 1332 1609 jugum,
1347 1531 1435 1582 cre-

72 1729 74 1734 ·
121 1644 225 1728 ptum
249 1628 424 1702 libertatis
441 1627 638 1704 arbitrium.
706 1631 753 1706 Et
765 1652 864 1706 nunc
880 1627 936 1704 his
954 1629 1054 1721 finis,
1079 1655 1195 1730 quum
1210 1635 1284 1706 suia
1302 1643 1433 1706 aucto·

121 1779 199 1826 rem
228 1749 436 1826 criminibus
467 1749 658 1844 obrutum,
696 1775 846 1826 suorum
862 1776 991 1852 poenas
1020 1751 1198 1826 scelerum
1218 1749 1434 1852 parricidam

122 1874 338 1974 pependisse
354 1877 516 1947 cernatis.
573 1876 661 1967 Quis
678 1873 909 1950 mediocriter
923 1873 1082 1974 prudens
1109 1891 1290 1976 spectator
1312 1872 1433 1948 bette-

122 1997 282 2072 licirun'
272 1997 410 2096 tnjuriae
436 1994 521 2070 loco
536 1993 708 2138 ‘dureriti
742 2000 831 2091 Quis
857 2000 985 2074 mentis
1010 2023 1162 2098 compos
1185 1999 1376 2098 proprium
1394 1995 1434 2068 iu

123 2239 263 2316 cladem
290 2239 420 2314 defleat
445 2256 507 2314 aut
521 2239 760 2316 crudelissimi
778 2122 918 2342 tyratlni
937 2244 1073 2342 justum
1087 2239 1328 2316 lamentetur
1316 2254 1433 2312 ruter-
1522 2337 1525 2346 Ι

121 2366 231 2440 ituml
290 2367 424 2438 Prtesto
458 2379 651 2438 estauctor
676 2367 749 2456 rei,
783 2388 895 2462 quem
916 2366 1068 2438 cernitis.
1110 2365 1206 2462 ,Ego
1225 2359 1373 2462 quidem
1398 2375 1433 2434 et

120 2501 306 2588 parentem
324 2501 360 2558 et
374 2489 526 2587 patriam
544 2484 681 2560 ultione
697 2501 963 2586 prosequutum
978 2511 1038 2560 me
1053 2484 1176 2560 lateor.
1202 2487 1314 2584 Opus,
1330 2479 1432 2582 quod
1558 2563 1563 2568 ,

119 2614 247 2684 vestris
263 2612 397 2708 pariter
410 2608 577 2683 manibus
601 2606 823 2701 debebatur,
858 2613 1011 2683 exercui.
1071 2605 1178 2702 Quod
1199 2629 1267 2680 vos
1289 2627 1432 2680 mecum

120 2735 358 2806 communiter
379 2730 624 2822 condecebat,
645 2729 745 2804 solus
768 2729 925 2831 implevi.
990 2727 1104 2823 Adde,
1129 2725 1230 2829 quod
1254 2731 1431 2800 neminem

121 2873 189 2929 tum
205 2852 375 2954 praeclari
391 2855 558 2928 facinoris
576 2859 715 2928 socium
731 2853 863 2948 habui,
898 2879 966 2930 nec
987 2852 1191 2954 cujuspiam
1206 2849 1294 2924 mihi
1310 2871 1432 2923 comes

119 3002 232 3076 opera
245 2975 322 3049 suit.
374 2980 591 3077 Quanquam
606 2974 708 3052 haud
727 2981 902 3078 ignorem,
921 3001 990 3052 vos
1012 2974 1097 3050 huic
1112 2999 1259 3048 manum
1282 2970 1431 3046 daturos
1547 3051 1552 3062 .

118 3101 277 3200 negotio,
299 3103 328 3170 si
346 3103 536 3196 petissem,
562 3125 584 3172 a
606 3099 741 3199 quibus
766 3097 878 3172 fidem
893 3103 989 3200 regi,
1014 3097 1301 3174 benevolentiam
1322 3095 1433 3196 priu-

118 3225 187 3324 cipi
207 3235 387 3296 servatam
412 3245 486 3296 non
510 3220 648 3298 dubito.
709 3219 780 3295 Sed
804 3227 880 3296 siue
902 3238 1021 3298 vestro
1048 3221 1250 3296 discrimine
1275 3215 1432 3290 nefarios

118 3350 237 3445 puniri
258 3342 403 3442 placuit
453 3348 580 3444 Neque
604 3351 698 3420 enim
716 3345 853 3420 alienos
872 3341 1044 3418 humeros
1068 3347 1168 3418 oneri
1182 3336 1431 3441 subjiciendos

119 3467 307 3566 putabam,
332 3471 389 3541 cui
408 3467 641 3543 sustentando
655 3471 826 3568 proprios
839 3465 1052 3544 suffecturos
1069 3463 1275 3540 credebam.
1333 3465 1432 3536 Inci-

118 3595 262 3666 ιιιιιιιί2
282 3613 353 3689 ego
367 3588 468 3682 alios,
485 3587 605 3664 solum
618 3593 797 3692 Fengonis
814 3606 979 3666 truncum
994 3595 1120 3666 vestris
1144 3586 1312 3663 manibus
1334 3611 1430 3662 con-

162 3899 346 3984 ¹Suffeetum
355 3893 553 3984 parricidam]
570 3899 615 3961 lta
635 3897 744 3962 Cicero
804 3899 890 3979 licre,
911 3895 996 3986 quod
1010 3899 1042 3962 in
1058 3897 1139 3962 illius
1154 3915 1289 3962 amorem
1304 3912 1432 3959 maten·

116 4003 149 4066 iu
165 4015 244 4068 orat.
265 4021 325 4088 pro
344 4001 485 4066 Cluentio
504 4023 571 4088 cap.
591 3999 630 4066 ll
646 4004 746 4090 loqui·
803 4003 863 4068 tire
877 4004 1020 4085 noluerit,
1029 4004 1128 4090 stupri
1141 3999 1295 4069 accusatur
1308 4012 1340 4065 et
1352 3998 1432 4083 iguis

118 4111 165 4174 lus
185 4110 547 4196 defraternoparrieidtb.
804 4111 956 4196 supplicio
971 4123 1094 4176 necatus
1109 4122 1163 4174 est.
1197 4115 1331 4174 lucerent
1343 4106 1432 4177 lutto

163 4210 366 4296 ²Incr'neraur']
389 4219 558 4277 Inct'rterare
588 4212 648 4276 boc
676 4214 747 4278 loco
804 4215 915 4302 iuquit,
930 4217 1273 4304 toouriapersoemtnam
1283 4212 1431 4298 percutit,

118 4334 176 4403 est,
197 4326 228 4384 t'rt
241 4325 351 4384 etitem
376 4321 514 4404 redigere.
561 4319 666 4384 Inveni
690 4319 747 4384 eil·
804 4324 984 4410 corpurejus
1000 4325 1179 4399 titcr'neraut‘t,
1201 4319 1326 4381 sednon
1346 4311 1431 4404 stipe·
1459 4359 1462 4366 .

117 4445 284 4492 amtoctm
299 4425 381 4490 hauc
393 4422 475 4510 apud
494 4425 655 4489 Caessrium
671 4424 746 4489 Hei·
805 4433 884 4491 raot't
897 4425 989 4507 (cuir.
997 4424 1049 4488 lib.
1063 4429 1168 4510 Xcsp.
1184 4419 1250 4504 67).
1266 4425 1342 4486 Utus
1355 4439 1432 4506 quo·

116 4530 396 4611 sterbachsensem,
430 4531 484 4615 qui
507 4531 618 4595 Saroni
638 4542 746 4596 nostro
804 4550 865 4618 qne
879 4531 938 4594 bac
951 4550 1027 4595 roco
1043 4528 1153 4614 saepius
1169 4525 1350 4592 Guillelmus
1362 4525 1432 4591 Bn'·

116 4629 285 4720 ctum
305 4634 376 4718 luit,
391 4634 460 4702 Lib.
482 4639 526 4706 Ν
545 4636 662 4700 Hister
682 4641 747 4700 lde·
805 4647 839 4700 to
853 4636 1081 4720 tlt-moricum.
1093 4653 1118 4698 c.
1132 4633 1185 4700 lib
1195 4629 1430 4771 ll’bilippeldot

117 4741 236 4808 moreh.
255 4763 323 4831 cap.
337 4741 390 4824 99,
413 4741 467 4806 ulti
484 4739 556 4806 do'
543 4761 654 4828 patene
670 4763 747 4828 quo-
806 4735 962 4808 764-765.

117 4846 191 4914 dum
203 4867 303 4914 ammo
319 4861 376 4930 est,
395 4871 447 4936 qut
438 4848 503 4914 ab
523 4845 660 4914 adultera
681 4867 747 4911 mu·
