3476 5460
395 307 471 382 430
488 326 497 356 ⁴·
724 305 900 378 HISTOR.
916 309 1022 382 nati.
1036 311 1173 382 LIBER
1189 313 1276 384 Vlll.

345 533 436 594 runt.
493 517 628 591 -vernm
644 513 846 613 complures
867 521 1085 596 vomentium
1099 519 1258 599 munuc
1280 536 1419 620 pestem
1440 521 1495 598 alr
1508 521 1639 627 indige·
1716 585 1717 600 .

341 659 412 718 ater
431 639 533 739 dapis
551 642 711 714 caecare
724 654 915 714 umerum.
973 644 1133 716 Primum
1156 644 1250 720 enim
1270 641 1445 742 paulatim
1457 646 1642 724 stomachis

344 767 510 840 inusitato
534 777 656 860 partus
672 759 792 834 edulio
815 760 972 860 languor
995 765 1158 864 irrepsit,
1193 765 1332 860 deinde,
1355 765 1462 842 latins
1487 785 1642 844 manante

344 888 530 988 conugio,
561 883 677 960 vitalia
691 883 840 958 morbus
853 889 1011 983 appetiit.
1069 887 1199 984 Sicque
1220 913 1355 986 anceps
1376 894 1565 989 utriusque
1586 897 1640 963 in-

342 1012 582 1110 temperantiae
603 1005 740 1080 malum
758 1022 796 1080 ut
818 1005 990 1096 inediam¹
1010 1033 1174 1108 gravem,
1197 1014 1245 1084 ita
1263 1011 1387 1112 gulam
1402 1036 1557 1111 qnoque
1579 1039 1639 1087 su-

342 1151 504 1235 spectam
524 1129 711 1219 ,effeceram
735 1155 818 1203 cum
841 1155 908 1204 nec
926 1139 1022 1210 vesci
1041 1147 1160 1206 tutum
1192 1157 1258 1206 nec
1281 1133 1640 1208 abstincrccommo-

342 1261 431 1335 dum
448 1269 662 1332 nosceretur.
727 1255 839 1353 Igitur
862 1276 1007 1326 omnem
1031 1251 1151 1330 salutm
1174 1279 1277 1352 spem
1299 1255 1570 1355 abjicientibus,
1593 1257 1640 1352 (ut

341 1405 495 1459 nervum
514 1393 600 1452 tunc
621 1375 760 1452 facilius
789 1379 907 1474 rumpi
930 1375 1073 1450 solitum
1100 1393 1169 1470 est,
1191 1403 1275 1454 cnm
1306 1381 1437 1456 aretina
1469 1379 1640 1472 tenditur‚)

340 1503 575 1610 patrocinium
597 1501 787 1597 inopinate
809 1497 1071 1576 commoditatis
1091 1499 1228 1576 affulsit
1291 1502 1416 1578 Subito
1436 1503 1531 1576 enim
1559 1508 1639 1602 ignis

340 1628 441 1707 haud
456 1622 585 1728 procul
599 1622 750 1696 emicare
763 1637 975 1720 conspectus
995 1618 1190 1698 exhaustis
1205 1620 1388 1696 cahendae
1411 1625 1493 1698 vitm
1511 1623 1636 1700 fiduci-

340 1781 399 1829 am
415 1747 640 1851 ingeneravit.
696 1747 811 1838 Quem
836 1741 1044 1818 Thorlu'llus
1059 1759 1229 1842 anquam
1256 1744 1424 1835 divinitus
1439 1747 1567 1820 datum
1580 1774 1636 1821 re·

339 1875 500 1950 medium
516 1867 685 1968 colligere
699 1882 867 1958 statuens,
884 1891 976 1965 .quo
990 1866 1058 1939 sibi
1076 1868 1262 1942 certiorem
1279 1865 1326 1940 ad
1351 1870 1469 1944 socios
1490 1868 1636 1944 reditun

339 2011 505 2087 strueret,
528 2014 701 2068 cacumen
722 1989 807 2064 mali
823 1987 938 2062 infinae
959 2014 1113 2088 gemmae
1127 1989 1270 2090 fulgore
1287 1995 1456 2090 signavit.
1523 1993 1636 2066 Litore

297 2151 301 2159 ¹
339 2118 469 2196 deinde
482 2115 615 2217 potitus
630 2113 775 2212 subjicit
794 2111 922 2186 oculis*
939 2115 1082 2210 angusti
1106 2111 1223 2188 aditus
1251 2131 1500 2213 acutarumque
1522 2113 1636 2190 lauci-

338 2267 408 2319 um·
414 2265 572 2341 specum.
624 2241 758 2330 Quem,
774 2233 963 2310 comitibus
983 2237 1070 2310 loris
1086 2235 1284 2334 praestolari
1297 2239 1427 2337 jussis,
1463 2243 1634 2338 ingressor

336 2365 583 2442 dnoserimioe
597 2359 802 2461 granditatis
818 2357 980 2459 aquilos²
999 2361 1222 2458 conspicatur
1235 2361 1373 2434 corneis
1386 2360 1533 2435 naribus
1550 2387 1633 2435 con·

336 2503 458 2581 tracta
477 2509 560 2586 quae
575 2483 649 2558 sors
664 2482 854 2572 obtulerat,
872 2485 943 2582 igni
959 2487 1181 2556 mutrimenta
1195 2497 1413 2581 praestantes.
1463 2486 1631 2558 Caeterum

337 2610 509 2684 deformis
523 2609 694 2699 introitus,
712 2603 864 2682 obsoleti
880 2621 1019 2704 postes,
1043 2619 1117 2678 ater
1133 2609 1202 2678 situ
1214 2608 1345 2704 paries,
1370 2605 1557 2680 sordidum
1579 2623 1630 2680 tc·

337 2747 446 2825 mum,
461 2729 629 2828 frequens
645 2727 824 2830 anguibus
844 2732 1089 2827 pavimentum
1125 2751 1209 2802 non·
1224 2727 1370 2804 oculum
1391 2731 1504 2830 magis
1530 2753 1629 2828 quam

334 2861 494 2932 animum
507 2851 743 2928 offendebant.
801 2855 895 2926 Tum
917 2857 1100 2952 gigantum
1128 2849 1219 2925 alter
1239 2849 1432 2926 salutatum
1455 2877 1537 2926 eum
1560 2875 1629 2926 rem

335 2995 467 3054 conatu
482 2973 711 3075 praearduam
728 2997 849 3050 orsum
868 2993 947 3050 esse
970 2973 1130 3064 dicebat,
1153 2973 1305 3048 inusitati
1320 2975 1476 3060 numinis
1500 2971 1629 3046 adeun-

334 3100 372 3174 di
389 3099 581 3198 cupiditate
597 3097 825 3198 flagrantem,
848 3113 957 3195 atque
980 3093 1244 3174 extramundani
1266 3095 1434 3171 climatis³
1462 3095 1628 3192 cognido-

334 3247 418 3294 nem
431 3220 668 3321 investigabili
682 3221 893 3294 mutatione
911 3219 1173 3318 complexum..
1209 3222 1242 3291 A
1260 3243 1300 3293 se
1327 3217 1448 3294 autem
1466 3217 1627 3318 propositi

334 3345 465 3419 itinmis
489 3345 630 3419 semitas
652 3345 896 3442 cogniturum,
928 3344 958 3416 si
992 3358 1064 3416 tres
1087 3338 1259 3416 veridicas
1280 3343 1470 3416 sententias
1495 3339 1627 3414 totidem

333 3467 530 3568 proverbiis
558 3465 835 3566 comprehensas
864 3465 1119 3564 expromerem.
1182 3468 1276 3540 Tum
1298 3463 1523 3539 Thorkillusr
1553 3466 1626 3534 Non

328 3585 825 3689 mehercule‘incomptiorem
845 3589 995 3668 naribus
1017 3587 1185 3664 familiam
1208 3585 1404 3686 pervidisse
1422 3584 1624 3660 mmmmd-

378 3905 542 3990 ¹Inediam]
566 3907 624 3971 Ed.
641 3929 686 3994 pr.
712 3907 809 3970 inedia
829 3904 954 3970 manife-
1014 3904 1116 3986 meret]
1134 3908 1179 3968 lta
1195 3920 1319 3967 narrant
1338 3903 1460 3968 annales
1475 3907 1624 3968 Esromen·

330 4027 379 4078 sto
397 4033 511 4078 errore.
642 3997 644 4004 ¹
1013 4033 1059 4076 ses
1078 4011 1205 4096 (Script.
1225 4030 1283 4073 rer.
1301 4013 1378 4075 Dan.
1391 4011 1452 4074 vol.
1474 4013 1530 4095 lp.
1544 4000 1624 4082 296),
1677 4064 1682 4086 ,

1013 4117 1167 4203 gigantem
1185 4119 1240 4180 Lm
1263 4117 1339 4180 nihil
1366 4115 1491 4181 advenae
1509 4129 1623 4196 reapon-

1016 4223 1088 4288 derc
1112 4223 1259 4302 voluisse,
1286 4223 1344 4286 nisi
1370 4224 1455 4309 prins
1475 4233 1621 4286 iream

1016 4332 1195 4416 protulisset
1214 4330 1387 4399 sententiaa.
1441 4325 1535 4394 Simili
1555 4340 1619 4387 coa·

376 4401 642 4462 ³Eerramundam'
670 4396 819 4502 altinatis]
842 4403 951 4461 Extra-
1011 4437 1127 4502 ditione
1150 4437 1282 4522 magius,
1301 4434 1406 4518 Gfflffi
1428 4437 1567 4510 alumna,
1577 4426 1619 4508 ig.

329 4505 471 4569 mundani
481 4526 542 4568 uno
561 4505 664 4569 verbo.
711 4505 813 4570 Utitur
831 4503 952 4567 Martia·
1011 4565 1081 4608 nem
1095 4527 1618 4625 abincantatriceacoepiupofflpd,

330 4631 386 4672 nus
402 4611 525 4696 Capella
543 4611 612 4675 lilar.
624 4615 639 4719 l
651 4636 681 4698 p.
698 4607 751 4675 14:
772 4615 949 4674 Eecamm·
1009 4652 1079 4736 35⁸.
1091 4649 1217 4714 ΝΟΜ
1233 4651 1294 4714 ml¹
1314 4652 1355 4712 lu
1375 4671 1405 4732 p·
1426 4641 1495 4714 653·
1513 4697 1516 4702 .
1539 4633 1616 4704 Μὶ-

329 4715 425 4778 durias
430 4735 531 4804 petere
546 4721 725 4782 latitudines.
745 4715 796 4798 (S)
1010 4759 1047 4822 lis
1065 4756 1168 4822 fabula
1190 4769 1332 4822 mm
1350 4755 1382 4816 in
1405 4752 1485 4816 fibro
1507 4747 1541 4812 gg
1562 4743 1613 4806 Ge.

374 4863 433 4934 *Si
443 4878 502 4924 tres
516 4865 659 4926 veridicas
672 4870 830 4928 sententies
846 4887 950 4950 expro-
1008 4865 1063 4928 stis
1081 4869 1289 4930 Romanorum
1305 4883 1372 4946 cap.
1389 4860 1490 4928 laVlll·

376 4143 532 4231 2Αᾳιιίίοε]
549 4147 597 4208 De
616 4143 662 4208 his
691 4145 800 4232 aquilis
822 4145 882 4210 vid.
904 4167 952 4207 su-

330 4273 387 4338 pra
401 4247 465 4315 not.
480 4252 518 4314 ad
532 4273 564 4336 p.
579 4245 629 4314 69.
