3458 5454
503 349 749 431 HARALDUS
767 348 1065 421 HYLDETAND.
1098 359 1102 366 '
1313 349 1385 420 375

122 581 275 636 arcanus
290 559 324 628 in
339 555 529 654 pubiicum
546 555 639 630 livor
658 575 873 655 erumperet.
934 559 1163 632 Denunciatis
1180 558 1302 652 itaque
1315 555 1436 628 inimi·-

120 681 227 771 citiis,
247 677 456 778 colligendis
489 677 577 752 belli
597 680 1006 778 instrumentis'septem
1036 683 1117 750 anni
1137 701 1291 754 cessere..
1349 680 1437 749 Sunt

119 807 183 902 qui
198 799 396 875 Haraldum
410 827 485 874 non
513 800 638 876 livoris
658 800 819 900 impulsu
846 817 907 875 aut
920 805 1020 900 regni
1038 800 1277 890 aemulatione,
1297 797 1360 874 sed
1376 804 1435 870 in-

118 922 256 997 dustrio
281 923 442 1022 quodam
475 939 750 1022 spontaneoque
777 939 910 997 conatu
932 922 1168 998 clandestinas
1187 925 1276 1010 exitii
1309 947 1436 996 causas

117 1045 328 1146 quaesivisse
343 1059 525 1118 testantur.
593 1048 714 1138 Quum
730 1049 825 1118 enim
848 1045 900 1118 ob
915 1049 1113 1120 senectam¹
1139 1036 1436 1144 severitateme'me

116 1167 258 1242 civibus
272 1171 376 1240 etiam
394 1183 542 1241 onustus
564 1171 762 1257 existeret2,
783 1166 919 1240 serrum
944 1167 1062 1240 morbi
1088 1165 1302 1240 cruciatibus
1329 1184 1433 1240 antc-

114 1313 268 1388 ponens,
292 1289 458 1387 spiritum
471 1290 507 1360 in
530 1290 605 1362 acie
622 1312 732 1387 quam
746 1286 881 1362 lectulo
893 1287 1075 1386 deponere
1090 1294 1311 1388 praeoptavit,
1338 1314 1433 1362 con-

114 1427 326 1486 sentaneum
348 1417 535 1511 presente
566 1417 649 1486 vitae
672 1411 844 1510 operibus
873 1413 1006 1486 exitum
1029 1411 1229 1488 habiturus.
1311 1413 1436 1507 Itaque

113 1559 191 1634 quo
208 1549 358 1608 mortem
372 1557 476 1607 suam
494 1532 683 1614 clariorem
697 1532 869 1623 efficeret,
893 1535 1099 1633 inferosque
1118 1536 1314 1608 comitatior
1326 1549 1433 1630 peto-

113 1673 181 1747 ret,
200 1655 406 1758 complures
427 1651 492 1728 tati
513 1673 697 1730 consortes
726 1656 923 1730 adsciscere
949 1658 1141 1756 gestiebat,
1168 1658 1297 1730 futurae
1322 1653 1433 1727 cladis

113 1784 301 1852 materiam
321 1777 484 1852 ultronea
507 1777 594 1852 belli
617 1752 847 1853 ins'trubtione
863 1778 1019 1855 molitus.
1070 1785 1132 1854 His
1152 1805 1238 1880 ergo
1256 1778 1432 1856 decausis

112 1917 186 1973 tam
213 1904 370 2002 propriae
396 1927 507 2000 quam
528 1901 654 1974 alienae
677 1903 771 1975 neeis
786 1903 950 1976 aviditate
969 1921 1168 2002 correptus,
1188 1919 1225 1974 ut
1239 1927 1308 2000 par
1324 1918 1431 1972 utro-

112 2023 226 2122 bique
236 2041 369 2123 strages
379 2023 557 2114 incideret,
571 2049 678 2124 pares
692 2026 859 2126 utrinque
878 2028 1000 2124 copias
1010 2027 1230 2112 instauravit,
1249 2024 1431 2122 aliquanto

112 2146 241 2220 fortius
259 2147 413 2246 Ringoni
436 2147 551 2220 robur
578 2147 782 2249 applicans,
814 2173 925 2247 quem
944 2151 1116 2222 victorem
1143 2171 1331 2246 superesse
1347 2171 1431 2217 ma-

113 2266 241 2342 luerat.

159 2482 322 2564 'Surrrqar'
337 2479 507 2542 Haraldum
531 2481 567 2542 oh
581 2479 739 2562 senectam]
800 2480 889 2544 theca
913 2481 1079 2542 Havniensi
1099 2491 1269 2544 asservator
1296 2477 1431 2561 mihique

110 2590 203 2650 Hanc
218 2581 258 2648 ob
272 2583 529 2648 caasamtaedium
542 2586 663 2670 imperii
679 2589 741 2648 Ha·
798 2587 830 2649 in
851 2583 1040 2650 emendando
1063 2593 1180 2653 Saxone
1207 2585 1337 2648 inaximo
1359 2603 1430 2646 sane

110 2690 193 2755 raldi
206 2690 287 2753 inter
303 2709 447 2774 proceres
469 2692 653 2754 succrevisse
671 2715 741 2756 nar·
801 2695 868 2756 usui
886 2691 953 2756 tuit.
977 2695 1090 2758 Similis
1106 2692 1220 2756 locutio
1242 2690 1430 2754 occurritin-

110 2810 160 2860 rat
189 2809 278 2858 autor
299 2795 464 2880 fragmenti
484 2795 624 2860 lelandici
645 2801 742 2883 Sdgu·
799 2799 847 2864 fra
861 2802 914 2864 lib.
927 2805 969 2864 xl
986 2802 1018 2862 in
1036 2799 1163 2863 historia
1184 2799 1294 2864 Canuti
1308 2796 1428 2861 Sancti:

110 2904 200 2968 broit
216 2903 256 2980 (F
257 2901 375 2966 arnald.
389 2904 461 2986 Sdg.
478 2905 537 2966 vol.
553 2907 608 2990 lp.
618 2903 704 2986 377.)
803 2912 866 2995 Qui
882 2935 945 2970 carn
958 2909 1096 2994 fratrum
1115 2931 1231 2968 suorum
1256 2907 1370 2964 tardam
1378 2905 1435 2983 jer,

155 3015 171 3048 ²
190 3011 307 3072 Caribus
334 3013 422 3071 etiam
446 3027 567 3072 onustus
589 3010 741 3094 existeret]
800 3017 933 3077 venaliter
962 3019 1200 3100 obteinperantear
1224 3015 1334 3097 patriis
1359 3034 1429 3069 orra-

109 3117 262 3198 Casparus
291 3113 437 3176 Barthius
464 3099 626 3198 leg‘endum
643 3119 739 3203 suspi-
799 3135 937 3181 stameto.
965 3115 1428 3202 Repetitureademtoxrnulto-

109 3233 199 3284 catur
215 3223 324 3283 cibibus
336 3243 409 3282 onus
428 3225 498 3282 suis·
541 3224 656 3288 Verum
670 3251 742 3287 onu-
799 3224 856 3286 ties
874 3223 926 3286 lib.
941 3227 1010 3288 xm
1025 3237 1056 3286 et
1077 3227 1156 3288 XIV.
1178 3223 1227 3300 (S)
1246 3221 1348 3286 Codex
1367 3219 1429 3291 ille,

108 3325 346 3389 stasheicidem
358 3327 469 3390 Saroni
483 3341 529 3391 est
543 3347 579 3390 ao
595 3355 741 3392 onerosus.
800 3330 888 3413 cujus
917 3331 1104 3394 mentionem
1132 3331 1182 3392 bic
1206 3329 1280 3392 iacit
1300 3327 1429 3410 Stepha-

108 3431 270 3515 Expressit
284 3433 365 3494 eninr
380 3431 470 3496 etiam
483 3433 544 3497 hoc
556 3435 588 3497 in
598 3437 667 3498 loco
681 3439 740 3504 Va·
801 3437 887 3515 niuis,
917 3437 1091 3500 combustus
1112 3450 1157 3502 est
1174 3435 1326 3513 incendio,
1347 3421 1431 3516 quod

108 3537 220 3600 lendum
246 3558 334 3600 suum
355 3538 536 3619 Maximum,
567 3541 652 3623 cujus
673 3542 740 3604 haec
801 3538 1429 3608 annobIDCCXXVHibibliothecamuni-

106 3655 184 3706 sunt
201 3641 294 3706 verbs
317 3643 370 3706 lib.
394 3647 438 3707 tx
456 3663 523 3730 cap.
542 3645 563 3708 2
584 3661 643 3710 ext.
665 3643 686 3711 6
704 3649 741 3710 do
801 3649 953 3712 versitatis
974 3647 1155 3712 Havniensis
1176 3646 1298 3710 delerit.
1340 3649 1430 3708 Manu

108 3747 201 3814 Ocho
215 3768 304 3833 rege:
327 3753 516 3814 crudeliorem
532 3761 634 3817 morra
650 3761 741 3818 ratiis·
800 3755 963 3820 Absalonis
983 3753 1079 3818 codex
1101 3754 1154 3816 itte
1179 3754 1228 3814 rix
1257 3751 1356 3814 fuerat
1379 3749 1429 3810 do·

107 3881 173 3918 aem
187 3861 380 3940 excogitavit,
400 3878 459 3940 qao
476 3877 595 3923 ortustos
608 3863 666 3924 sibi
681 3887 741 3924 aori
799 3861 941 3946 scriptus,
962 3860 1015 3924 sed
1030 3862 1112 3924 baud
1128 3859 1219 3922 (labie
1242 3859 1347 3922 eadem
1365 3877 1430 3920 rcr-

55 4003 64 4026 ι
104 3980 251 4050 perrupto
282 3967 397 4026 oraculo
439 3969 590 4050 religionis
615 3971 739 4045 tolleret,
799 3968 838 4032 ba
853 3967 960 4030 habuit
980 3955 1141 4054 inscripta,
1169 3989 1238 4051 quae
1268 3964 1367 4028 adhuc
1388 3964 1429 4024 le-

107 4082 205 4154 proat
226 4069 259 4131 in
276 4071 369 4134 tastis
392 4070 548 4135 codicibus
573 4073 683 4156 legitur
708 4085 739 4137 et
801 4074 953 4158 guntario
968 4073 1189 4138 codichustini
1198 4089 1382 4156 pergameno
1397 4067 1429 4130 io

107 4174 266 4260 praecipue
280 4181 585 4261 eo,quem8axonem
599 4190 740 4240 nostrum
798 4179 985 4244 bibliotheca
1006 4179 1089 4262 regia
1112 4191 1276 4254 asservato,
1297 4175 1428 4237 scilicet:

106 4297 231 4364 semper
252 4279 292 4342 ad
320 4303 442 4346 manum
470 4283 609 4345 habuisse
637 4284 739 4346 nullus
799 4289 886 4350 Liber
899 4303 1008 4350 sanctie
1021 4290 1131 4348 Marto
1147 4288 1183 4346 dc
1201 4287 1278 4344 Sora
1295 4308 1351 4369 per
1368 4309 1428 4346 nta-

108 4383 230 4466 dttbt‘t0,
250 4387 436 4472 descriptum
460 4410 551 4452 manu
573 4388 738 4452 Absolonis
799 4417 867 4454 narrt
897 4394 1008 4454 donu'at'
1030 4393 1185 4454 Adsalom's
1213 4389 1431 4480 Arcdrept'scopi

111 4490 360 4580 Arcbiepiscopi,
388 4495 440 4583 qui
457 4495 549 4560 bodio
570 4496 601 4558 ia
628 4493 739 4556 biblio·
798 4497 845 4574 (id
859 4508 915 4574 cst,
928 4517 985 4580 por
1005 4495 1240 4560 munificentiam
1257 4495 1346 4576 ejus).
1396 4547 1399 4552 .
1439 4547 1440 4552 ,

484 4691 487 4698 ,
597 4625 691 4696 Finis
711 4621 790 4694 libri
807 4625 956 4719 septimi.
