3476 5460
419 320 495 403 462
751 326 925 402 tttstott.
942 326 1047 402 nuti.
1063 324 1200 402 LIBER
1218 333 1276 404 tx.

370 560 563 614 moerorem
588 545 708 638 potius
736 538 930 614 calamitosi
952 537 1015 612 lilii
1055 563 1165 640 quarn
1190 540 1511 639 jocabundiducis
1539 563 1628 644 partu

371 665 486 761 egisse
506 659 692 736 videretur.
742 659 1023 753 Sivardusvero,
1041 659 1171 736 eodem
1185 666 1318 738 nuncio
1342 681 1493 764 accepto,
1514 675 1629 766 propior

370 799 527 884 paterne
557 785 689 856 caritati
731 807 842 882 quarn
865 789 1013 882 priuatoe
1030 785 1207 884 pauloni,
1226 783 1371 880 nautia,
1386 787 1482 887 quod
1508 789 1583 862 forte
1605 793 1629 862 in

371 931 477 980 manu
495 904 673 998 habebat,
697 903 800 978 altius
825 904 909 1004 pedi
925 905 1141 1005 stupefactos
1162 909 1350 1000 immersit,
1371 911 1507 982 tristitia
1522 910 1629 984 salebra

370 1049 578 1128 corpoream
593 1025 1014 1127 negligente'molestmnr.
1073 1031 1119 1102 Ut
1136 1033 1236 1101 enim·
1255 1035 1360 1102 animi
1383 1029 1506 1104 volnus
1520 1035 1629 1129 patien-

352 1153 437 1224 dus
453 1151 545 1223 ferre
560 1153 739 1249 potuisset,
755 1155 918 1252 corporis
931 1167 1068 1248 partem
1083 1153 1227 1250 gratim
1241 1149 1380 1225 adicere
1401 1153 1533 1226 studuit.
1569 1160 1628 1246 Quo

370 1273 463 1348 ianm
477 1271 829 1346 simull'ortitudInem
847 1293 1111 1372 moeroremqne
1129 1271 1267 1364 detexit,
1293 1273 1471 1347 iomnoam
1488 1299 1570 1348 suan
1583 1278 1627 1346 in-

370 1411 424 1468 ter
439 1393 683 1469 calamitosum
700 1395 811 1470 lilium
835 1407 1123 1493 constantemque
1138 1401 1298 1494 partitos.
1358 1401 1403 1470 tt
1427 1401 1567 1486 Iliomos,
1583 1402 1625 1467 in-

371 1535 426 1592 ter
447 1535 661 1592 tesserarum
685 1520 799 1616 jactos
815 1514 934 1588 delato
957 1514 1005 1589 ad
1026 1543 1065 1592 se
1083 1534 1239 1616 paternae
1255 1523 1380 1593 mortis
1406 1522 1542 1609 nuncio,
1561 1535 1628 1591 unta

369 1645 404 1714 vi
422 1653 626 1743 correptum
640 1665 748 1714 manu
767 1641 947 1714 calculum
961 1643 1123 1740 pressit¹,
1141 1655 1181 1714 ot
1195 1639 1328 1714 tabule
1344 1666 1490 1739 quoque
1504 1667 1627 1714 onorem

371 1763 490 1862 digitis
513 1777 689 1835 extortum
712 1763 930 1857 infunderet3
962 1761 1026 1836 nbi
1057 1763 1220 1836 nimirum
1247 1761 1401 1835 fortunae
1424 1765 1543 1862 jactum
1566 1765 1627 1860 ipsa,

370 1909 482 1984 quam
496 1885 677 1974 versabat,
694 1884 771 1958 alea
792 1885 959 1958 leviorem
978 1911 1056 1960 esse
1077 1879 1223 1958 didicit.¹
1265 1883 1379 1976 Quod
1398 1883 1534 1959 audiens
1547 1884 1626 1976 Hella,

370 2005 468 2080 hunc
483 2013 590 2079 trium
615 2008 768 2105 parentia
784 2007 924 2082 obitum
939 2008 1074 2082 fortiori
1096 2012 1202 2080 animi
1227 2005 1362 2079 robore
1378 2007 1566 2080 sustinuisse
1582 2009 1626 2104 jn-

370 2127 507 2221 dimus,
523 2132 586 2227 qui
601 2129 687 2202 oilril
701 2131 836 2228 pletatis
851 2133 931 2230 ejus
948 2131 1062 2204 funeri
1076 2133 1302 2229 prestitisset,
1318 2127 1472 2226 ideoque
1493 2127 1551 2201 sibi
1568 2132 1627 2200 lra-

370 2256 400 2323 ri
424 2252 722 2349 suspectissimam
745 2249 871 2325 haberi
891 2255 1066 2326 virtutem.
1131 2255 1255 2324 Ivarus
1278 2251 1508 2350 scrupetis
1528 2249 1626 2348 Angla

370 2372 545 2472 parthut,
567 2396 682 2470 quom
704 2373 850 2449 classem
867 2395 968 2448 suam
986 2370 1197 2448 conserendi
1211 2395 1294 2444 cum
1318 2368 1422 2446 hoste
1441 2371 1521 2444 lucili
1538 2374 1626 2470 impu*
1692 2435 1695 2456 ,

370 2509 502 2570 tentem
516 2492 820 2589 urtirnadrertcmt,
834 2513 949 2571 astum
966 2495 1124 2570 audaciae
1139 2491 1489 2593 praesensentium
1506 2497 1626 2567 ammira
1694 2591 1695 2596 Ἰ

370 2628 490 2710 lentat,
502 2623 657 2717 spatium
675 2625 761 2712 arvi,
777 2636 951 2719 quanm
959 2622 1093 2718 equino
1109 2633 1248 2716 tergore
1263 2615 1474 2714 complecti²
1487 2618 1626 2715 potuisset,
1694 2599 1695 2604 ἵ

371 2747 407 2814 In
430 2753 624 2840 sequestrae
647 2746 746 2840 pacis
761 2747 892 2842 pignus
917 2741 1153 2841 expostulans.
1201 2743 1246 2810 Et
1268 2737 1425 2836 quidem,
1444 2739 1533 2837 quod
1551 2739 1626 2835 potiit,

370 2853 576 2962 impetmvit„
628 2865 702 2936 Rex
718 2866 823 2955 enim,
839 2889 951 2963 parvo
968 2887 1091 2960 preces
1106 2879 1199 2935 stare
1209 2881 1410 2955 autumans,
1428 2887 1447 2936 a
1462 2860 1626 2932 tantohostt

370 2989 538 3084 exiguum
567 3011 705 3085 magnae
730 2991 778 3059 rei
802 2987 883 3060 loco
900 2986 1019 3084 expeti
1045 2985 1243 3082 gratulatos
1266 3003 1336 3076 est,
1362 3003 1469 3076 ratus,
1492 3005 1625 3081 perquam

370 3108 481 3180 breve
499 3124 619 3206 tergus
638 3105 826 3206 paululum
841 3111 932 3181 ruris
954 3123 1224 3206 occupaturum.
1284 3113 1328 3180 At
1354 3113 1485 3198 Ivarus,
1507 3110 1585 3178 nono
1602 3107 1625 3170 in

370 3227 475 3304 exiles
490 3227 684 3304 admodum
693 3235 862 3332 corrigias
885 3233 1019 3306 scissim
1041 3247 1211 3323 ernasto,
1232 3229 1390 3304 habilem
1412 3221 1626 3322 exaedificanda

370 3349 451 3426 urbi
467 3375 593 3450 agrum
610 3350 791 3450 implicuit
842 3355 952 3452 Igitur
965 3351 1079 3444 Hella,
1096 3354 1350 3452 prodigalitatis
1366 3354 1555 3452 portant-a
1565 3371 1626 3422 suc·

369 3471 528 3564 cedente,
543 3473 824 3573 magnitudinem
836 3477 922 3548 nord
934 3499 1010 3549 sera
1023 3480 1255 3550 aestimatione
1270 3475 1426 3574 collegit,
1434 3471 1564 3546 dictum
1577 3494 1626 3538 cu·

369 3593 516 3667 ticulum
533 3598 662 3670 rectius
687 3618 795 3696 qoam
810 3595 1026 3672 incolumem
1040 3620 1196 3672 mensos.
1250 3603 1366 3691 Quam
1391 3603 1480 3670 enirn
1501 3601 1627 3690 exiguum

414 3825 683 3892 1Μαιιιιεαῖειιίιυη
701 3827 822 3915 pressei]
838 3831 986 3909 Calculus,
1048 3833 1061 3892 l
1088 3851 1114 3892 t.
1134 3827 1198 3892 368
1222 3831 1270 3894 tel
1298 3847 1335 3894 ex
1362 3821 1471 3894 ddstini
1496 3827 1540 3890 lib.
1557 3819 1626 3886 XVffl

369 3931 422 4019 qul
443 3932 480 3996 ad
509 3933 623 4017 jactum
643 3946 823 3997 tesserarum
846 3933 990 4018 pertinet,
1047 3953 1114 4022 cap.
1136 3933 1300 4000 ilortasse
1318 3935 1462 4015 desumto,
1483 3931 1575 4017 tegitur
1588 3921 1626 3986 tl'r

368 4041 448 4103 solet
463 4056 526 4104 esse
542 4039 631 4104 molis
643 4051 706 4104 tam
716 4039 842 4126 exigue,
860 4043 894 4101 ot
910 4038 990 4102 haud
1048 4057 1097 4106 ant
1127 4041 1207 4128 apud
1242 4039 1465 4106 Gotholredum
1498 4041 1627 4101 Moumou-

368 4145 574 4231 ittttlligstnr,
603 4145 757 4232 quomodo
785 4160 876 4209 msto
894 4144 992 4230 premi
1048 4149 1187 4214 theosem
1201 4149 1308 4212 tinvt
1324 4166 1389 4232 esp.
1410 4140 1484 4209 Me
1503 4138 1627 4224 uergit,

367 4263 469 4336 queat.
509 4252 600 4316 Hand
617 4252 707 4317 dubie
727 4252 821 4340 igitur
844 4251 991 4315 narratio·
1051 4257 1294 4341 anglosaxonum
1316 4253 1401 4319 duee.
1441 4247 1561 4316 Historia
1570 4245 1626 4320 litg·

368 4357 415 4421 nis
432 4370 520 4422 autor
533 4358 680 4442 cogitauit
699 4359 737 4424 de
759 4357 930 4423 latrunculo
954 4357 994 4421 ad
1051 4363 1117 4425 neri
1130 4361 1276 4426 Itlandicn
1301 4359 1406 4424 eadem
1425 4357 1510 4420 hebet
1529 4339 1626 4434 0thst

368 4463 473 4544 ludum
498 4463 686 4530 scacchicum
714 4465 905 4551 pertinente,
941 4466 994 4552 qni
1052 4465 1176 4545 addens,
1196 4465 1302 4530 orbem
1328 4465 1388 4530 hoc
1410 4465 1497 4549 pacto
1515 4457 1548 4521 ab
1565 4458 1625 4516 imo

368 4567 491 4655 quidem
510 4569 598 4634 ludos
616 4593 634 4634 a
652 4591 725 4637 cana
748 4571 819 4635 inde
832 4570 997 4657 untiquita-
1052 4571 1207 4638 conditam
1222 4571 1313 4636 luisse
1328 4569 1502 4635 londinum.

368 4685 401 4737 te
415 4673 557 4760 gentihus
568 4675 742 4742 borealibus
758 4678 939 4743 innotuerat.
1098 4677 1280 4765 'Erguum1
1299 4676 1484 4764 stephanius,
1503 4679 1533 4732 ut
1546 4657 1627 4728 matio

413 4781 591 4866 'Quantum
612 4789 715 4869 equt'tto
737 4792 852 4870 tedgore
871 4787 995 4872 comple·
1052 4804 1123 4850 itm
1152 4785 1323 4872 pleniorem
1357 4781 1507 4855 redderet,
1543 4759 1628 4833 addidi
1690 4807 1691 4810 =

369 4881 425 4966 cti]
439 4883 568 4964 Fabula,
587 4905 625 4950 ex
645 4884 769 4972 Virgilii
792 4886 927 4953 AEneidis
942 4887 994 4952 lib.
1055 4914 1165 4956 munus.
