3476 5460
412 307 486 381 452
754 312 927 383 HISTOR.
943 315 1047 386 DAN.
1065 317 1201 389 LIBER
1219 319 1275 388 lX.

365 533 464 611 ante,
490 543 599 618 quem
626 524 757 594 minimi
777 527 867 596 inter
882 523 1013 598 liberos
1030 521 1196 613 duxerat,
1227 521 1453 600 militaturum
1466 523 1616 620 exhibent,

364 649 409 714 ita
425 658 511 716 tnnc
527 639 731 719 valentioris
745 671 866 742 operae
887 645 1001 721 filium
1016 663 1078 718 aut
1103 645 1318 744 probatioris
1333 646 1413 720 fidei
1429 671 1553 724 servum
1571 675 1617 724 ar-

363 779 487 856 maret,
512 760 627 836 edixit.
684 770 766 860 Quo
787 767 900 860 iacto,
918 768 1095 860 omnibus,
1112 792 1205 866 quos
1221 795 1263 841 ex
1271 767 1391 842 Thora
1406 789 1618 867 procreaverat,

362 885 461 975 filiis,
488 901 618 984 prrrter
632 887 834 980 Ubbonem,
848 893 1059 987 assumptis,
1083 887 1349 989 Hellespontum
1376 894 1515 992 ejusque
1527 917 1619 991 regen

362 1011 456 1082 Dian
471 1013 576 1083 variis
593 1025 784 1082 contusum
812 1009 916 1084 bellis
929 1010 1136 1086 lacessendo
1151 1012 1364 1110 perdomnit.
1430 1013 1481 1088 Ad
1493 1014 1618 1086 ulturum

362 1130 518 1206 eundern
547 1129 767 1206 creberrimis
800 1131 1061 1208 discriminibus
1086 1135 1302 1233 implicatum
1333 1137 1478 1208 extinxit.
1536 1137 1619 1232 Cujus

361 1254 423 1356 tilii
438 1259 532 1328 Dian
547 1271 582 1326 et
596 1255 735 1345 Daxou,
752 1253 837 1328 olim
852 1245 980 1330 Ruteni
996 1282 1089 1356 regis
1105 1257 1193 1331 filias
1207 1257 1359 1332 maritali
1371 1275 1461 1332 sorte
1471 1255 1619 1354 complexi,

361 1380 556 1476 impetratis
577 1399 597 1448 a
620 1401 747 1451 socero
764 1381 887 1478 copiis,
911 1375 1158 1452 ardentissimo
1178 1383 1304 1478 spiritu
1327 1398 1478 1479 patemae
1497 1376 1618 1451 vindicte

361 1501 545 1600 negotium
561 1515 765 1596 rapuerunt
827 1503 988 1594 Quorum
1005 1505 1190 1600 Regnerus
1211 1505 1421 1576 immensum
1436 1497 1619 1574 animadver-

360 1637 439 1696 tens
460 1627 670 1713 exercitum,
693 1620 884 1696 diffidentia
905 1626 1091 1721 copiarum
1101 1621 1234 1713 habita,
1257 1649 1372 1722 equos
1386 1625 1514 1696 aeneos²
1529 1619 1619 1692 ducti-

268 1823 270 1830 ,
360 1743 457 1818 libus
473 1743 598 1817 rotulis
612 1749 858 1844 superpositos
885 1770 928 1818 ac
952 1745 1176 1819 versatilibus
1201 1745 1389 1822 curriculis
1410 1740 1621 1848 circumductos

361 1873 397 1939 in
415 1866 691 1940 confertissimos
709 1865 831 1942 hostes
847 1871 995 1940 maxima
1019 1870 1053 1940 vi
1071 1870 1237 1966 exagitari
1257 1871 1438 1968 praecepit.
1492 1870 1567 1958 Qua
1583 1885 1622 1936 rs

360 2004 497 2062 tantum
520 1985 567 2058 ad
590 1985 778 2061 laxandam
805 1989 1092 2064 adversariorum
1125 1993 1237 2064 aciem
1265 1989 1395 2080 valuit,
1427 2005 1466 2062 ut
1494 1982 1619 2076 vincendi

360 2133 444 2209 spes
459 2111 571 2208 magis
586 2115 622 2182 in
639 2109 924 2185 machinamento
939 2137 1048 2209 quam
1067 2111 1176 2186 milite
1190 2114 1345 2211 reposita
1362 2106 1550 2200 videretur,
1570 2131 1620 2178 eu·

277 2229 281 2240 '
360 2235 419 2332 jus
436 2231 664 2306 intolerabilis
679 2232 986 2332 moles‚quicquid
999 2233 1151 2332 impulit,
1166 2233 1296 2308 obruit
1346 2235 1466 2310 Altero
1481 2256 1555 2330 ergo
1568 2225 1620 2302 dn·

359 2381 442 2430 cum
458 2353 653 2447 interfecto,
679 2355 789 2429 altero
805 2359 892 2455 luga
908 2354 1092 2452 sublapso,
1117 2359 1301 2430 universus
1318 2356 1621 2455 Hellespontiooruo

360 2480 464 2552 cessit
477 2483 657 2551 exercitus.
708 2477 857 2551 Scithoe¹
877 2501 1036 2576 quoque,
1050 2482 1177 2552 Darou
1199 2481 1395 2554 arctissimo
1413 2483 1547 2552 materni
1559 2497 1622 2547 saa-

358 2600 475 2700 guinis
490 2597 633 2672 vinculo
649 2602 912 2700 contingentes,
933 2597 1063 2673 eodem
1084 2600 1204 2674 obtriti
1225 2600 1429 2675 discrimine
1449 2601 1622 2677 referuntur.

359 2724 521 2814 Quorum
536 2722 721 2822 provincia
736 2725 912 2796 Witseroo
929 2723 1106 2817 attributa,
1128 2727 1348 2796 Rutenorum
1363 2749 1439 2818 rex,
1449 2745 1565 2820 parum
1582 2719 1623 2788 vi·

358 2843 460 2918 ribus
480 2843 612 2935 fidens,
637 2841 870 2918 formidolosa
886 2845 1037 2940 Regneri
1060 2869 1158 2920 arma
1181 2844 1266 2946 luga
1288 2867 1510 2942 praecurrere
1534 2853 1624 2915 malr·

359 2970 457 3040 ravit.

489 3091 533 3160 At
546 3091 737 3188 Regnerus,
747 3090 881 3164 caeteris
893 3105 1060 3188 prompta
1069 3087 1137 3162 sibi
1153 3085 1331 3162 deditione
1340 3089 1533 3176 substratis,
1542 3102 1624 3182 quum

358 3210 624 3309 quinquennem
640 3211 905 3310 propemodum
920 3215 1104 3310 piraticam
1125 3208 1341 3307 explevisset,
1360 3215 1523 3312 Bjarmos
1539 3225 1626 3300 nuper

357 3329 515 3407 devictos
542 3331 698 3408 invalida
719 3335 952 3434 subjectionis
975 3332 1048 3408 fide
1073 3331 1191 3432 palam
1215 3334 1408 3430 imperium
1432 3331 1625 3408 densantes

358 3459 496 3529 inruit
556 3459 626 3550 Qui
641 3482 755 3556 quum
772 3456 965 3531 adventum
990 3456 1069 3552 ejus
1087 3471 1310 3553 compertum
1326 3453 1513 3544 haberent,
1526 3446 1626 3524 caroi-

356 3732 434 3780 sorte
471 3733 612 3801 cogente,
632 3719 727 3800 stiriam
764 3723 877 3782 rumim
915 3721 978 3780 Bur
1037 3715 1160 3779 fuerunt
1184 3728 1338 3796 autorem,
1364 3719 1480 3804 quippe
1501 3715 1547 3804 qni
1561 3727 1626 3796 expi-

356 3838 443 3884 coste
460 3825 571 3906 srrreoe
601 3847 621 3885 n
645 3848 697 3884 sno
727 3825 846 3886 abdebat
879 3800 978 3906 regati.
1035 3821 1200 3886 ditionibus
1222 3823 1379 3887 maritimis
1399 3817 1534 3910 inprimis
1557 3818 1627 3880 inab·

216 3939 222 3966 ‘
354 3923 455 4006 (Cni'r.
471 3931 493 3990 1.
508 3925 723 4012 Wallingi'ord
745 3927 826 4013 apud
849 3927 925 3991 Gale
947 3951 977 4012 p.
1035 3929 1154 3992 ruisset.

354 4030 441 4114 533).
480 4035 585 4121 Neque
611 4033 689 4096 banc
707 4035 805 4118 legem
825 4053 923 4118 neque
940 4034 977 4096 il·
1081 4039 1199 4119 ¹Equus
1211 4033 1315 4116 aneos]
1329 4038 1538 4134 &murratum
1551 4031 1629 4093 nertio

354 4139 416 4201 larn
436 4160 453 4201 a
477 4140 595 4204 Saxone
617 4140 738 4204 allatam
759 4159 893 4224 unquam
911 4159 978 4202 san·
1035 4139 1115 4202 nude
1131 4140 1270 4224 petitum.
1487 4149 1490 4156 '

354 4244 447 4308 eitam
469 4243 561 4308 fuisse
585 4245 730 4309 existimo.
772 4244 832 4308 Sed
853 4245 976 4327 sequior
1080 4243 1226 4323 ²Scirlce]
1258 4247 1443 4330 stephanius
1478 4237 1629 4325 oomigendo

252 4349 255 4354 ’
354 4363 428 4414 aetas
446 4351 529 4414 varia
547 4353 729 4436 excogitavit
743 4352 898 4430 instituta,
909 4353 974 4436 qui·
1033 4347 1135 4432 posuit
1146 4352 1273 4433 Scyrice,
1293 4351 1374 4436 quod
1391 4351 1515 4437 quidem
1534 4343 1629 4412 rectius·

214 4514 219 4522 .
353 4455 411 4518 bus
429 4457 537 4519 miram
563 4457 648 4519 illurn
672 4445 825 4540 majorn'm
852 4452 975 4520 auorum
1033 4457 1068 4517 lu
1097 4453 1227 4518 confinio
1256 4457 1552 4541 Hellespontieomrn
1576 4451 1630 4526 Scy·

354 4559 578 4656 multitudinem
590 4563 622 4625 in
640 4563 735 4649 spolia
748 4566 908 4650 peregrina
925 4587 975 4627 ru·
1034 4561 1103 4623 thas
1115 4563 1225 4624 Noster
1241 4562 1322 4625 baud
1338 4561 1530 4627 incommode
1542 4554 1631 4642 posuit.

354 4677 456 4729 antam
480 4665 538 4731 sibi
565 4669 738 4754 explicaret.
790 4671 903 4731 Haecee
923 4689 976 4740 ref
1035 4667 1113 4758 Quae
1131 4685 1204 4728 vero
1227 4669 1360 4750 gentium
1375 4667 1514 4731 fictarum
1531 4659 1630 4726 nonina

314 4810 316 4822 ·
352 4791 391 4835 ro
409 4771 557 4850 instituta,
575 4775 700 4838 'incerto
722 4795 844 4836 rumore
863 4796 975 4859 propa·
1032 4773 1071 4836 ab
1089 4786 1194 4836 autore
1208 4773 1388 4838 narrationis
1406 4773 1521 4836 inerint
1538 4761 1631 4832 adbibi-

354 4887 436 4959 gata,
459 4875 597 4959 inprimis
619 4879 656 4942 ad
682 4883 856 4964 Regnorum
878 4881 975 4942 relata
1033 4891 1073 4959 ta,
1089 4881 1180 4964 plane
1191 4879 1347 4946 incertum.
