3446 5458
614 329 883 403 rumnsvus.
1278 337 1348 408 179
1432 321 1436 330 '

96 537 246 618 adunivit.
291 543 470 634 'Quorum
488 539 646 640 collegio
668 541 780 614 limus
812 539 946 629 soedus,
962 539 1063 638 quod
1077 567 1160 618 cum
1173 545 1284 620 Dcnis
1306 574 1399 622 ocn-

97 679 252 753 inserui,
275 663 374 738 ferro
395 662 537 763 disjicit
589 662 705 760 Cujus
727 664 880 762 irruptio
908 659 980 736 hoc
1003 665 1172 760 nocivior,
1188 693 1270 766 quo
1291 666 1400 744 lalla-

96 787 166 858 cior
182 785 259 860 luit.
312 791 440 887 Neque
456 789 551 860 enim
567 785 660 856 Doni
684 800 755 860 nm
778 800 925 884 repente
949 809 1032 858 cum
1055 811 1099 860 cx
1120 792 1245 864 amico
1260 789 1400 868 hostem

96 929 284 982 erasurum
301 909 509 984 credebant.
558 905 661 981 Adeo
677 905 791 982 insilis
807 905 1038 1006 quorundum
1054 932 1097 985 ex
1114 916 1229 1008 gratia
1245 910 1291 986 od
1316 913 1401 989 odi·

94 1053 151 1100 um
170 1034 338 1106 nunsims
345 1037 497 1107 existere
513 1033 710 1103 consucvit.
760 1027 982 1102 Crediderim
1000 1033 1112 1104 nostri
1128 1041 1300 1131 temporis
1316 1063 1402 1112 mo·-

94 1177 147 1227 rcs
160 1151 274 1253 hujus
288 1157 353 1228 viri
370 1155 540 1253 auspiciis
554 1148 752 1242 inchoatos,
779 1153 843 1250 qui
860 1153 1002 1224 mentiri
1017 1178 1061 1226 oc
1088 1153 1211 1228 fellere
1233 1157 1324 1232 inter
1343 1163 1404 1234 ui-

95 1278 136 1346 tin
157 1274 361 1376 sordesque
382 1301 457 1350 non
478 1273 657 1348 ducimus.
724 1277 841 1366 Quem
856 1273 1056 1369 Fridlevus,
1077 1276 1247 1354 anmatos
1261 1279 1404 1356 Siolan-

95 1395 159 1470 dio
184 1413 304 1496 partes
330 1395 516 1488 adortum,
555 1402 729 1496 inportu,
752 1401 813 1496 qni
832 1397 1066 1495 postmodum
1089 1404 1168 1502 ejus
1191 1421 1245 1478 est
1260 1410 1405 1482 nomine

96 1525 302 1610 uocitatum,
327 1519 454 1620 praelio
475 1534 592 1593 oentat
662 1521 701 1590 ln
718 1543 794 1617 quo
818 1518 869 1592 ob
885 1518 1009 1618 glorie
1028 1523 1288 1602 simulationem
1307 1545 1404 1604 tantu

97 1641 245 1716 militum
262 1641 467 1718 fortitudine
481 1665 698 1716 concursum
721 1656 794 1734 est,
824 1658 875 1733 ut,
896 1649 1088 1741 perpaucis
1102 1650 1303 1746 periculum
1318 1651 1404 1752 lugo
1519 1623 1523 1630 Ι

98 1765 306 1856 vitentibus,
349 1765 467 1838 ambae
492 1767 635 1864 penitus
656 1768 749 1838 acics
770 1781 1086 1862 consumerentur3
1117 1774 1244 1846 necin
1267 1791 1403 1873 purtem

99 1891 243 1961 victoria
269 1894 463 1979 concessit,
499 1887 562 1962 ubi
585 1909 654 1985 par
673 1889 853 1983 'utrosque
884 1883 1015 1960 vulnus
1038 1889 1219 1988 implicuit
1307 1896 1405 1971 Adeo
1494 1897 1504 1912 “

98 2009 264 2084 omnihus
281 2013 398 2110 major
421 2009 545 2110 glorius
570 2033 680 2108 quam
698 2011 778 2084 vitre
795 2007 974 2107 cupiditas
997 2009 1073 2084 snit.
1134 2017 1244 2116 Igitur
1269 2023 1334 2117 qui
1362 2046 1406 2094 ex
1489 2093 1492 2102 A

100 2130 274 2228 Huyrvilli
288 2138 428 2232 agmine
445 2130 708 2230 superfuerant,
734 2130 920 2204 servandus
952 2136 1126 2208 societatis
1152 2144 1265 2236 grstia
1296 2157 1407 2234 necin

101 2249 221 2326 classis
243 2278 320 2328 suae
344 2253 514 2354 reliquias
537 2259 671 2330 mutuis
694 2253 845 2327 nexibus
860 2251 1074 2352 obligandas
1093 2259 1276 2335 curabunt.
1330 2269 1407 2338 Ea-

101 2370 181 2448 dem
194 2373 638 2468 nocteBildusetBroddo,
656 2377 824 2467 rescissis,
841 2373 977 2473 quibus
990 2393 1083 2452 rates
1099 2378 1292 2475 cohaesere,
1304 2385 1407 2462 luni-

102 2496 200 2590 oulis,
224 2503 329 2572 tacite
350 2523 416 2572 sun
434 2513 682 2574 aeaeterorum
703 2493 895 2594 complexu
912 2499 1054 2597 navigia
1072 2501 1302 2598 submovere,
1329 2505 1409 2579 lra-

102 2635 195 2694 trnm
216 2619 416 2694 desertione
447 2618 627 2694 formidini
650 2617 894 2706 consulentes,
926 2625 1114 2719 magisque
1135 2625 1273 2700 timoris
1298 2653 1408 2726 quam

103 2748 376 2841 consanguineus
401 2747 540 2842 pietatis
568 2741 736 2817 ductibus
769 2740 1066 2839 obtemperantes.
1140 2747 1239 2820 Luce
1270 2745 1408 2824 reddita

103 2863 301 2956 Fridlevus,
315 2863 556 2964 Huyrvillum,
582 2863 842 2956 Gunholmnm,
866 2865 1052 2960 Bugonem
1070 2881 1104 2938 et
1118 2870 1342 2971 Fanningum
1367 2897 1410 2946 ex

103 3001 197 3060 nota
213 2988 396 3060 sociorum
413 2983 517 3060 clude
532 2986 676 3061 relictos
694 2987 931 3085 comperiens,
948 3011 1043 3060 unus
1057 3012 1141 3062 oum
1155 2991 1324 3066 omnibus
1339 2992 1411 3068 de-

104 3110 390 3202 cerneremus,
408 3135 454 3182 ne
471 3107 599 3183 lacerus
616 3110 805 3208 copiarum
819 3109 979 3210 reliquias
987 3107 1422 3188 denuodiscrimensnb-
1547 3101 1554 3123 ⁸

107 3234 158 3304 ire
186 3247 410 3332 cogerentur.
476 3233 541 3306 Cui
565 3247 695 3330 prester
724 3235 864 3306 insitam
887 3234 1013 3306 animo
1038 3230 1281 3307 fortitudinem
1308 3242 1411 3310 etiam

107 3359 341 3452 contemptrix
366 3353 449 3428 ferri
470 3353 591 3426 tunica
613 3351 784 3432 fiduciam
805 3353 1035 3428 ministrabat.
1096 3357 1173 3430 Hac
1196 3361 1231 3428 in
1255 3355 1413 3453 publicis

106 3477 328 3576 privatisque
344 3472 571 3552 conflictibus
586 3491 758 3575 tanquam
776 3492 957 3552 servatore
975 3474 1098 3550 salutis
1116 3476 1215 3551 cultu
1232 3475 1412 3560 utebatur.

108 3603 181 3674 Nec
194 3624 271 3672 rem
287 3595 414 3706 lortius
431 3621 541 3697 quam
556 3601 767 3698 prosperius
781 3613 969 3690 executus,
990 3593 1129 3670 felicem
1149 3623 1281 3698 pugnae
1297 3627 1413 3676 even·-

111 3738 186 3796 tnm
207 3720 348 3813 habuit,
368 3719 574 3820 siquidem²
598 3720 799 3821 Huyrvillm
831 3723 981 3820 Bugonc
1006 3735 1042 3793 et
1056 3723 1241 3819 Fanningo
1256 3746 1416 3821 oppres-

112 3845 171 3933 sis,
203 3841 465 3935 Gunholmum,
487 3840 616 3919 hostile
646 3841 782 3916 ferrum
797 3839 1017 3928 carminibus
1038 3838 1239 3918 obtundere
1263 3843 1417 3936 solitum,

113 3965 242 4040 erebro
258 3965 379 4066 capuli
392 3968 466 4040 ictu
482 3967 698 4040 exanimavit.
756 3967 855 4039 Dum
872 3979 995 4058 sutem
1006 3970 1167 4040 mucroni
1185 3991 1330 4041 manum
1346 3993 1417 4040 cu·

112 4087 232 4186 pidius
247 4091 382 4180 inserit,
406 4087 493 4163 elisa
510 4111 704 4161 nervorum
722 4086 837 4162 officia
861 4085 1030 4162 reductos
1055 4092 1089 4159 in
1111 4087 1271 4188 palmam
1288 4085 1417 4187 digitos

164 4377 218 4436 'ln
228 4391 334 4462 portu,
353 4377 404 4456 qui
416 4371 602 4460 postmodum
615 4371 678 4452 ejus
692 4386 736 4432 cst
795 4379 845 4430 tur
873 4378 982 4451 portus
999 4361 1139 4428 Hurrildi
1165 4363 1227 4425 sive
1254 4361 1419 4443 Hvirvildi

116 4484 228 4543 mutire
248 4473 408 4558 oocr'tatns]
434 4473 483 4539 sd
504 4477 582 4540 lotus
607 4474 737 4538 australe
794 4471 886 4556 idque
903 4489 1061 4534 nomenex
1073 4467 1313 4553 pirntuqnodsm
1327 4470 1420 4532 Heir-

116 4583 277 4648 Sislnudiae
294 4584 375 4666 jacet
393 4603 487 4667 parto
505 4580 645 4666 quodum
658 4579 738 4642 insu·
796 4575 880 4639 vildo
901 4577 1026 4638 nexisse
1047 4571 1147 4638 fertur
1173 4572 1309 4654 (Duuslte
1333 4577 1420 4640 Atlas

117 4690 162 4766 lo,
181 4690 276 4753 Gleod
296 4687 387 4768 dictu,
408 4709 478 4774 que
496 4688 529 4750 iu
548 4688 652 4750 littore
676 4685 740 4748 Sis·
800 4682 862 4744 rol.
878 4677 899 4742 3
913 4701 944 4764 p.
968 4677 1047 4760 dl).

120 4792 240 4858 londino
252 4806 378 4880 portum
396 4793 498 4858 efficit
519 4813 583 4857 nou
603 4790 660 4854 nisi
679 4790 741 4853 exi·
846 4785 1028 4872 ²St'qutiiem]
1042 4785 1089 4850 ed.
1105 4808 1152 4872 pr.
1167 4799 1199 4850 et
1214 4787 1259 4850 St.
1268 4789 1421 4872 Equidem,

121 4898 189 4982 guis
205 4901 331 4985 navigiis
352 4913 476 4986 aptum,
494 4899 548 4984 qui
568 4918 648 4961 nuuc
670 4894 745 4958 ‹lici-
807 4907 922 4980 puncto
936 4905 1007 4981 post
1022 4892 1124 4958 tuan
1135 4888 1246 4974 posito.
1257 4889 1340 4978 (lig)
