3520 5462
707 335 962 406 HOTHERUS.
1367 337 1434 409 ili

177 544 372 647 pollicitus.
438 541 500 617 ille
529 542 655 620 sedula
675 547 816 646 juvenis
845 543 1105 644 supplicatione
1135 543 1315 636 mistus,
1352 561 1486 620 armata

176 668 293 743 classe
306 669 522 767 liorvagiam
538 671 637 764 petit,
653 666 756 766 quod
770 665 892 741 verbis
908 691 982 741 non
999 682 1133 766 posset,
1159 664 1297 740 viribus
1313 683 1484 764 penctra-

175 817 250 866 rus.
290 791 460 887 Cumque
473 811 543 886 pro
557 787 720 888 Helgone
733 813 801 886 per
819 813 996 863 summam
1014 788 1146 888 eloquii
1160 792 1368 863 svavtutem
1384 793 1485 886 egis-

177 931 244 1003 set,
259 910 368 985 reiert
383 912 493 1000 Guso,
516 927 672 984 mentem
690 910 773 984 filiae
790 909 1056 1002 consulendam,
1074 935 1121 984 ne
1150 909 1241 1008 quid
1266 925 1393 984 conas
1411 933 1484 984 no·-
1600 903 1607 918 ’

174 1036 309 1108 lentem
338 1029 687 1130 patema-videretur
709 1038 895 1109 severitate
913 1050 1186 1132 praesumptum.
1243 1037 1484 1106 accersitam·

174 1183 262 1257 qne‚
278 1151 742 1252 anprocoallubesceret1,
763 1171 1012 1254 percontatus,
1036 1137 1222 1228 annuentis
1239 1152 1391 1253 Helgoni
1409 1179 1483 1228 nu-

172 1281 267 1380 ptias
283 1275 485 1376 pollicetur.
537 1279 649 1376 Igitur
661 1276 840 1354 lietherue
854 1277 1040 1352 obseratas
1056 1280 1207 1350 Cnscnis
1230 1299 1334 1350 aures
1358 1273 1407 1348 ad
1428 1299 1483 1378 ce,

171 1427 257 1501 qnae
272 1399 501 1499 precabatur,
518 1397 736 1474 exaudienda
757 1399 925 1476 mtundae
942 1399 1184 1498 volubilisque
1201 1395 1379 1472 facundie
1394 1395 1482 1470 dul-

171 1521 491 1620 eminepateseeit
1136 1519 1138 1522 ’

307 1648 396 1738 Quae
411 1643 499 1716 dum
524 1649 560 1716 in
577 1642 727 1745 Halogia
746 1662 931 1744 geruntur,
954 1645 1127 1722 Balderus
1140 1639 1365 1746 postulandae
1380 1644 1481 1716 lian-

172 1793 231 1842 nae
253 1768 367 1868 gratia
398 1767 528 1838 Gerari
550 1765 640 1840 lines
662 1783 818 1840 armatus
842 1767 1050 1866 ingreditur.
1109 1775 1237 1866 Aque
1262 1787 1346 1840 cnm
1366 1763 1480 1860 ipsius

172 1895 309 1964 Nannae
323 1904 480 1961 mentem
496 1913 716 1988 cognoscere
738 1887 938 1988 juberetur,
954 1896 1135 1991 exquisitis
1160 1887 1357 1964 verborum
1373 1883 1479 1960 dele·
1609 1985 1613 1994 Ι

169 2012 337 2087 nimentis
351 2009 512 2109 puellam
528 2035 731 2110 aggressus,
746 2035 829 2084 cum
846 2011 986 2086 nullum
1003 2018 1095 2087 votis
1109 2012 1229 2086 locum
1249 2008 1390 2084 efficere
1403 2031 1479 2106 po·-

169 2135 308 2224 tui'seet‚
329 2131 484 2230 repulsae
503 2155 647 2206 causam
663 2157 882 2233 cognoscere
896 2136 1027 2208 institit
1085 2139 1174 2228 Quae
1194 2128 1388 2230 respondit,
1402 2153 1477 2204 nu-

168 2260 255 2356 ptiis
279 2254 390 2328 deum
403 2253 543 2327 mortali
563 2256 690 2328 sociari
711 2279 784 2328 non
798 2279 918 2353 posse,
942 2256 1044 2356 qnod
1058 2264 1182 2356 ingens
1195 2270 1332 2329 nature
1344 2252 1478 2328 discri-

170 2405 258 2452 men
272 2374 415 2475 copulae
431 2382 686 2450 commercium
699 2375 811 2450 tollat
872 2377 942 2450 Sed
957 2395 993 2451 et
1008 2403 1159 2476 superos
1172 2375 1351 2450 interdum
1370 2389 1476 2474 pacta

168 2497 378 2574 rescindere
395 2497 530 2590 solitos,
544 2499 738 2598 subitoque
754 2497 937 2574 vinculum
952 2497 1078 2598 disjici,
1095 2497 1197 2600 quod
1212 2504 1366 2597 impares
1381 2521 1477 2572 con·

167 2624 366 2696 traxissent.
435 2623 563 2720 Neque
585 2623 679 2694 enim
700 2619 864 2696 stabilem
889 2619 1042 2696 dissonis
1073 2624 1187 2696 inesse
1210 2645 1359 2710 nexum,
1392 2641 1476 2692 curn
1508 2697 1514 2712 .

167 2742 273 2843 apud
295 2741 455 2816 excelsos
485 2742 675 2817 humilium
699 2768 842 2842 semper
871 2743 1014 2818 fortuna
1043 2741 1235 2847 sordescat.
1302 2746 1476 2816 Praeterea

167 2863 400 2940 abundantior
424 2881 459 2940 et
482 2867 648 2965 egestatis
669 2864 858 2940 dividuum
882 2867 1158 2945 conmbcmium
1174 2889 1271 2957 esse,
1301 2889 1368 2938 nec
1385 2865 1476 2936 inter

165 2985 377 3088 splendidas
407 3013 498 3085 opes
529 2989 798 3086 obscuramque
823 2992 1036 3088 pauperiem
1063 2987 1165 3060 firma
1192 2990 1369 3064 societatis
1391 2986 1471 3084 jura

165 3113 382 3184 consistere.¹
445 3108 503 3182 Ad
526 3110 709 3200 ultimum,
736 3116 900 3210 supernis
928 3114 1107 3186 terrestria
1130 3135 1203 3182 non
1226 3111 1362 3208 jugari,
1390 3133 1474 3206 quac

165 3247 269 3306 tanto
285 3233 430 3330 originis
446 3232 633 3306 intervallo
648 3231 785 3306 discors
809 3258 932 3306 rerum
955 3249 1082 3306 natura
1102 3238 1301 3324 secreverit,
1327 3229 1429 3330 qued
1452 3255 1473 3302 a

165 3353 301 3426 divinae
323 3352 516 3426 luculentia
545 3357 737 3454 maJestatis
763 3353 938 3428 infinitum
963 3355 1067 3429 distet
1087 3353 1244 3427 bumana
1266 3351 1472 3428 mortalitas.

165 3475 247 3548 Hac
276 3469 441 3572 responsi
472 3475 695 3552 cavillatione
718 3475 826 3550 elusis
856 3477 995 3570 Balderi
1023 3477 1213 3578 precibus,
1252 3473 1471 3550 detrectandi

165 3598 331 3696 conjugii
345 3596 506 3696 prudens
520 3615 727 3700 argumenta
746 3598 897 3674 texebat.

299 3717 406 3812 Quod
429 3746 513 3793 cum
535 3721 715 3798 Hotherns
734 3747 777 3796 ex
797 3724 939 3816 Gevaro
966 3739 1211 3824 cognosceret,
1232 3722 1343 3798 multa
1360 3745 1472 3820 super

161 3838 307 3914 Balderi
332 3839 528 3939 petulantia
549 3843 649 3944 apud
671 3843 872 3944 Helgonem
894 3845 1067 3944 querulus
1085 3844 1292 3920 disserebat.
1344 3846 1470 3918 incerti
1513 3935 1521 3952 .

163 3963 292 4056 ambo,
309 3962 399 4063 quid
412 3963 507 4041 sacto
525 3991 619 4065 opus
638 3983 740 4060 esset,
755 3971 861 4042 variis
878 3972 1087 4042 sententiam
1111 3966 1265 4042 consiliis
1281 3965 1471 4066 agitabant.

162 4090 291 4160 Amica
314 4084 491 4186 siquidem
519 4089 557 4160 in
585 4087 745 4166 adversis
762 4087 967 4182 collocutio,
997 4093 1136 4164 tametsi
1165 4087 1365 4190 periculum
1397 4109 1470 4157 non

162 4209 270 4304 tollit,
294 4207 541 4308 aegritudinem
561 4214 698 4286 minuit.
746 4215 841 4284 inter
864 4227 993 4285 caetera
1015 4217 1121 4286 animi
1151 4228 1234 4288 vcta
1257 4205 1470 4284 fortitudinis

211 4489 288 4550 'Aa
310 4511 400 4576 proco
428 4485 625 4570 allubesccmt]
653 4491 789 4553 insolens
968 4493 1031 4554 Nee
1047 4489 1126 4551 uobr's
1144 4490 1304 4575 abnegabo,
1349 4537 1357 4550 .

157 4593 361 4656 nocerem
380 4591 543 4658 admodum
561 4594 676 4660 locutio
699 4607 788 4673 suet,
968 4599 1069 4656 Fertis
1090 4596 1358 4686 modoallabesect,

155 4697 221 4762 nisi
246 4715 335 4764 mum
359 4698 510 4764 iurennet
524 4713 669 4766 actorem.
707 4703 786 4764 ilar·
971 4703 1012 4766 Ut
1032 4705 1105 4766 clem
1121 4717 1217 4766 roretc
1233 4724 1336 4788 penae

153 4801 251 4868 ἀπο
264 4803 345 4869 enim
359 4805 494 4890 Capellae
511 4805 591 4872 baud
611 4803 786 4894 infrequens
969 4809 1100 4894 tntaque
1116 4809 1166 4874 det
1173 4811 1302 4896 pupille.
1324 4804 1374 4886 (8)
1408 4801 1411 4808 ’

151 4921 216 4976 est.
258 4909 664 4982 lamissionem:
