3548 5470
332 339 382 413 44
680 337 856 418 HISTOR.
879 337 986 410 ΒΑΝ.
1012 337 1151 411 LIBER
1171 339 1196 410 b

384 555 468 626 Post
487 548 568 626 haec
590 547 754 640 Otbinus,
768 549 935 649 conjugis
950 549 1047 625 feto¹
1063 551 1224 652 pristine
1241 547 1409 624 claritatis
1425 549 1597 649 opinione

278 689 491 774 recuperata
515 699 558 747 ac
582 672 691 748 veluti
711 677 852 771 expiata
867 669 1059 748 divinitatis
1079 673 1236 766 infamio,
1260 669 1309 745 ob
1331 669 1437 745 csilio
1453 695 1598 771 regres-

277 823 338 872 sus
364 813 525 888 cunctos,
539 801 601 896 qui
616 820 684 894 per
699 795 899 868 absentiam
922 819 1025 870 suom
1048 795 1251 872 coelestium
1267 792 1449 870 honorum
1471 795 1596 871 titulos

277 935 472 1020 gesserant,
494 937 666 1019 tanquam
688 915 824 990 alienos
845 915 1030 1016 deponere
1050 925 1181 1020 coegit,
1203 917 1448 1017 subortosque
1465 941 1595 1018 mogo-

276 1069 357 1118 rum
391 1059 509 1116 coetus
541 1038 653 1116 veluti
674 1040 842 1115 tenebras
861 1041 1040 1140 quasdem
1058 1043 1337 1142 superveniente
1359 1047 1515 1116 numinis
1536 1047 1592 1116 sui

276 1163 420 1266 fulgore
432 1163 608 1238 discussit.
658 1165 743 1237 Nec·
756 1163 874 1238 solum
891 1187 954 1251 eos
969 1161 1196 1265 deponendae
1220 1161 1430 1254 divinitatis,
1463 1187 1593 1238 verum

277 1293 382 1362 etiam
404 1285 611 1361 deserendae
627 1289 753 1385 patries
771 1287 925 1385 imperio
939 1293 1164 1378 constrinxit,
1192 1289 1321 1360 merito
1342 1289 1445 1360 terris
1470 1301 1592 1360 extro·

276 1409 417 1484 dendos
444 1425 554 1500 retus,
569 1407 643 1507 ‘qui
659 1431 698 1481 se
722 1407 825 1482 coelis
844 1401 916 1482 tem
931 1411 1098 1508 nequiter
1117 1407 1340 1509 ingerebant.

380 1537 517 1606 Interea
538 1528 756 1623 Asmundus,
775 1529 986 1632 Svibdageri
1001 1529 1118 1622 filius,
1139 1538 1176 1604 in
1197 1531 1370 1607 ultionem
1392 1530 1506 1628 petris
1519 1553 1593 1628 pu-

275 1683 347 1758 gno
368 1679 452 1730 cum
469 1650 635 1751 Hedingo
659 1677 885 1752 congressos,
908 1653 1077 1729 utfilium
1099 1655 1305 1745 Henricum‚
1331 1655 1437 1752 cujus
1461 1653 1591 1726 carita-

274 1797 347 1854 tem
365 1783 472 1852 etiam
493 1779 644 1874 proprio
670 1777 810 1875 spiritui
835 1776 1063 1876 preferebat,
1076 1778 1267 1884 fortissime
1280 1775 1508 1850 dimicantem
1525 1797 1591 1847 oc-

274 1900 403 1976 cidisse
428 1902 615 1997 cognovit,
648 1895 758 1972 avido
774 1897 836 1974 fati
867 1905 988 1975 animo
1014 1900 1137 1976 lucem
1150 1925 1323 2001 perosus,
1354 1895 1414 1974 tali
1442 1921 1590 1971 carmen

275 2047 365 2098 voce
380 2025 580 2119 compegit:

471 2139 562 2242 Quis
577 2143 829 2244 nostrofortic
848 2145 950 2218 ausit
969 2169 1079 2222 mma
1104 2142 1270 2220 consere?
1317 2212 1323 2228 ,

466 2265 688 2367 Mipreficit
707 2269 823 2342 cassis
843 2268 1045 2343 vacillanti
1055 2269 1214 2358 m'tem2,

351 2388 353 2396 '
466 2391 602 2462 Lorica
614 2389 703 2489 jam
716 2417 784 2466 nec
800 2393 983 2468 conwwde
992 2394 1128 2491 fusum
1147 2392 1281 2492 tegst³5

466 2511 593 2584 Armis
608 2537 772 2606 coemes,
796 2515 1098 2620 zitteremptofibb
1105 2539 1135 2607 ,··

472 2636 584 2735 Cujus
597 2636 1075 2738 morimecogz'trirvmirens
1098 2663 1218 2726 amor,
1342 2728 1343 2733 Ἰ
1445 2643 1448 2658 “

467 2760 567 2833 Coro
589 2777 767 2862 superstes
795 2787 843 2835 ne
861 2762 1050 2863 rebbquar
1066 2760 1226 2864 pignori.

469 2883 784 2982 Utraqueserrom
804 2883 997 2989 comprimi
997 2886 1117 2985 juvat
1126 2909 1241 2958 mono
1249 2911 1266 2972 ‚-

465 3007 574 3077 Nunc
589 3004 700 3096 bettz,
717 3023 858 3109 praeter
873 3023 996 3099 scuta,
1020 3007 1119 3081 παιίο
1138 3021 1298 3110 pectore,

363 3202 365 3210 ,
467 3129 714 3200 Exerceamur
715 3129 881 3229 fulgidis
896 3130 1133 3205 mucronibus.

466 3249 681 3324 Ferocs'tatr's
697 3250 819 3350 soma
836 3271 971 3330 nostroe
983 3254 1126 3346 bsceot3

270 3553 301 3604 to
314 3559 511 3606 averruncare
529 3541 630 3605 consti
648 3554 728 3606 sunt.
775 3542 892 3608 Similis
954 3553 986 3606 et
1008 3540 1147 3622 labente,
1172 3537 1308 3603 indicens
1336 3557 1369 3600 se
1387 3533 1485 3620 lapsui
1510 3531 1583 3597 rici-

269 3657 431 3710 nerrantur
453 3645 491 3710 de
512 3645 658 3711 cadavere
684 3650 765 3733 regis
788 3649 893 3714 Abelis
953 3671 1026 3712 nom
1040 3669 1113 3728 esse,
1130 3659 1162 3710 et
1175 3643 1304 3732 proprio
1320 3644 1353 3710 in
1370 3642 1487 3706 ruinam
1502 3659 1582 3724 pon·

268 3747 473 3832 (Hvidtfeldts
493 3753 627 3816 lirinilte
641 3755 712 3820 Vol.
731 3759 790 3842 lp.
810 3754 894 3837 2333
953 3753 1025 3818 dere
1040 3754 1215 3840 detergere,
1233 3764 1268 3816 ut
1282 3749 1362 3849 inire
1377 3747 1512 3832 loquitur
1527 3743 1581 3808 Ui·

268 3855 348 3921 cnfr.
367 3861 467 3942 Jonge
486 3858 750 3924 Nordsiellnndsitc
767 3862 892 3927 Almues
952 3860 1043 3926 vilda.
1064 3859 1114 3944 (S)

268 3965 403 4029 Overtro
423 3961 503 4028 1798
520 3989 551 4052 p.
562 3963 737 4030 322—323.
997 3971 1127 4030 'Lorae'ca
1147 3969 1214 4049 jam
1237 3965 1288 4028 nec
1308 3959 1452 4026 commode
1471 3954 1579 4042 smum

314 4073 480 4154 'Confugis
492 4069 580 4157 soto]
617 4075 686 4136 Hoc
715 4085 761 4138 est
789 4074 891 4137 uxoris
951 4071 1039 4158 teget]
1054 4069 1141 4138 Ordo
1162 4083 1222 4134 est:
1240 4074 1333 4133 lorica
1354 4089 1413 4130 nor
1435 4063 1580 4128 commode

266 4187 374 4239 morte.
401 4179 446 4240 ite
461 4173 536 4239 dixit
546 4177 683 4244 Valerius
693 4177 838 4242 Maximus
854 4177 892 4243 de
951 4179 1151 4265 tegitsosom,
1163 4175 1195 4240 id
1213 4189 1268 4254 est,
1283 4186 1463 4261 peremtum.
1503 4169 1580 4232 Nui-

266 4283 368 4344 Druso
392 4280 445 4344 lib·
467 4283 496 4350 V
517 4301 582 4367 esp.
604 4279 635 4360 5,
654 4281 690 4348 3:
719 4307 893 4371 quamquam
952 4285 984 4348 lo
1000 4283 1081 4346 enim
1096 4281 1213 4368 indiget
1225 4283 1424 4359 munimento,
1444 4277 1497 4362 qni
1515 4274 1578 4360 jem

257 4387 331 4471 sato
339 4389 406 4468 jam
425 4411 478 4450 suo
497 4412 584 4473 qoam
600 4391 688 4453 ullius
704 4393 802 4478 officio
819 4417 892 4480 pro·
950 4401 1083 4454 moriem
1108 4389 1249 4474 oppetiit.
1301 4385 1362 4451 Sed
1378 4378 1578 4467 intelligenda

260 4495 332 4578 pior
343 4508 416 4554 erat.
754 4529 757 4536 ·
801 4521 803 4529 ·
951 4497 1019 4562 hec
1041 4509 1112 4562 sont
1135 4495 1172 4561 de
1194 4515 1250 4575 eo,
1279 4495 1332 4580 qui
1355 4503 1486 4554 mortem
1502 4487 1579 4550 leto

310 4599 434 4662 'Casuli
452 4603 606 4664 vacillanti
623 4601 731 4685 miens]
751 4607 829 4666 Her
851 4601 890 4668 ds
950 4603 1050 4674 auimo
1081 4615 1257 4690 exspectans
1295 4599 1339 4664 nil
1368 4597 1456 4685 penti
1483 4593 1580 4658 lubet

264 4701 364 4787 seipso
384 4701 446 4786 jem
460 4704 532 4768 vitto
553 4719 701 4792 pertesus
715 4708 888 4774 Asmundus
949 4709 1187 4797 quibuscumque
1200 4729 1232 4773 sc
1254 4723 1406 4794 exponere
1422 4699 1578 4790 periculis.

263 4805 451 4893 pronuntiet.
500 4810 629 4876 Confert
649 4825 750 4878 summ
771 4835 804 4880 so
819 4835 887 4881 cum
947 4823 1054 4881 Forum
1089 4817 1184 4900 igitur
1213 4815 1264 4877 bic
1287 4814 1347 4880 crit
1374 4829 1489 4877 tantem
1514 4831 1576 4870 non

263 4932 298 4976 rc
312 4913 586 4999 dimittedimitte,
607 4918 666 4982 boc
684 4931 740 4996 est,
762 4933 886 4985 nomme
940 4926 1054 5007 smum,
1066 4927 1137 5008 sere
1150 4939 1318 5010 peremtum.
1332 4920 1383 5002 (8)
