3520 5462
366 301 450 418 aaa
704 306 882 377 nasson.
895 283 1000 376 nan.
1019 305 1157 376 cansa
1171 306 1226 376 111.

246 545 251 552 ·
315 543 409 590 marn
433 516 517 590 mihi
543 513 726 612 praestabit
754 531 815 586 ant
837 513 957 586 finem.
1036 517 1123 588 Haec
1145 515 1252 606 satus,
1275 511 1399 614 gladie
1421 509 1623 588 barbarum

316 641 404 730 ierit,
430 640 574 713 fortuna
597 641 725 726 minus,
745 659 855 736 quam
870 639 1012 736 ingenio
1029 653 1231 736 promptus.
1292 637 1351 710 Ab
1372 659 1418 712 eo
1441 635 1625 736 siqnidem

314 777 560 863 repercussus
586 741 697 856 primi
707 766 797 832 ictus
821 759 1066 860 magnitudine
1090 765 1307 834 exanimatus
1331 775 1394 834 est.
1449 761 1534 853 Quo
1554 761 1625 832 tri-

315 903 368 960 ste
382 888 493 958 Danis
509 882 754 982 spectaculum
770 880 890 972 dante,
914 887 1086 958 victorem
1103 883 1243 958 socium
1265 881 1380 956 Sclavi
1399 886 1532 982 ingenu'
1547 881 1625 954 do-

317 1026 438 1082 natum
461 1032 596 1112 pompa
621 985 818 1104 magnificis
842 1029 1016 1105 excepere
1033 1005 1207 1104 tripudiis.
1267 1003 1374 1080 idem·
1389 1003 1448 1080 die
1468 1021 1627 1104 postem,

317 1133 392 1205 sive
406 1132 558 1203 recentis
583 1133 739 1202 victoriae
754 1153 926 1230 successu
954 1128 1069 1202 elatus
1103 1129 1179 1202 sive
1212 1125 1358 1202 uberius
1383 1124 1628 1228 adipiscendae

317 1251 486 1358 cupidine
509 1277 700 1340 accensus,
725 1250 846 1326 hostes
871 1254 1038 1326 cominus
1062 1249 1177 1324 aditos
1198 1253 1355 1349 pristinas
1387 1253 1626 1350 provocatio-

306 1373 371 1450 nis
388 1375 509 1451 verbis
532 1375 705 1449 lacessere
720 1363 852 1448 institit
907 1377 1155 1450 Fortissimum
1174 1397 1333 1476 namque
1348 1375 1571 1448 Danomma
1584 1393 1628 1444 se

319 1513 535 1596 prostratum
549 1513 658 1588 ratus,
680 1500 810 1570 nemini
826 1497 971 1572 illorum
988 1523 1112 1572 seeum
1127 1496 1275 1571 ulterius
1290 1499 1550 1596 provocatione
1562 1491 1627 1564 di·-

318 1619 474 1692 micandi
490 1622 652 1718 spiritum
670 1644 858 1719 superesse
874 1619 1055 1696 credebat.
1106 1621 1219 1696 anias
1235 1641 1385 1718 quoque
1406 1615 1541 1717 pugilis
1556 1640 1627 1690 oo-

319 1768 408 1816 casu
430 1747 539 1816 totius
554 1767 593 1816 se
606 1749 778 1816 exercitos
795 1748 887 1818 vires
901 1744 1137 1820 labefactasse
1153 1740 1325 1830 confisus,
1347 1738 1448 1830 nihil,
1462 1737 1510 1812 ad
1525 1737 1628 1838 qood

320 1869 537 1964 posteriores
558 1871 611 1940 sui
632 1881 779 1939 conatus
802 1865 1042 1958 intenderent,
1070 1869 1277 1941 executione
1300 1863 1444 1940 difficile
1464 1859 1628 1946 arbitra-

321 1989 437 2062 batur.
497 1985 591 2090 Nihil
606 1993 880 2064 enimsuccessu
890 1996 1008 2090 magis
1022 1988 1247 2066 insolentiam
1260 1989 1381 2078 nutrit,
1415 2009 1484 2058 nec
1508 1981 1626 2058 ullum

321 2113 556 2211 prosperitate
570 2097 748 2186 efficacius
763 2113 944 2212 superbiae
962 2115 1228 2187 incitamentum
1243 2125 1304 2184 est.
1473 2181 1475 2186 .

451 2232 607 2307 Dolebat
624 2239 743 2333 itaque
758 2238 917 2328 Rtiricus,
940 2238 1046 2310 unius
1062 2237 1127 2310 tiri
1145 2232 1341 2332 petulentia
1353 2230 1541 2332 publicam
1565 2227 1629 2302 la-

322 2347 493 2429 befactari
509 2359 686 2449 virtutem,
703 2357 931 2458 illustresque
946 2363 1099 2434 victoriis
1118 2359 1242 2430 Dauos
1258 2379 1330 2428 non
1346 2351 1488 2428 modoa
1500 2377 1629 2454 qnon-

322 2478 404 2552 dam
427 2481 528 2554 victis
543 2479 735 2554 insolenter
754 2485 879 2582 excipi,
905 2469 1030 2556 verum
1055 2485 1161 2554 etiam
1178 2479 1414 2579 ignominiose
1429 2481 1631 2570 contemni3

322 2619 496 2701 praeterea
523 2609 701 2677 neminem
731 2611 776 2677 ita
801 2611 920 2678 animo
944 2620 1153 2704 promptum
1178 2619 1240 2676 ant
1264 2625 1372 2674 manu
1389 2617 1576 2676 strenuum
1592 2604 1630 2672 in

321 2743 417 2800 tanto
432 2725 583 2799 militum
601 2752 752 2799 numero
767 2731 927 2825 reperiri,
952 2731 1011 2803 cui
1032 2727 1182 2802 salutem
1204 2749 1307 2799 saara
1330 2747 1399 2824 pro
1422 2725 1539 2822 patria
1555 2721 1629 2796 de-

215 2898 221 2916 .
323 2846 474 2922 vovendi
492 2845 627 2944 cupido
642 2863 857 2946 suppeteret.
907 2853 996 2922 Tam
1015 2848 1231 2950 probrosam
1244 2849 1399 2926 ,Danime
1423 2846 1631 2921 cuneatio-

322 2975 377 3046 nis
400 2971 581 3044 infamiam
605 2979 720 3068 prima
740 2971 903 3046 Ubbonis
935 2973 1203 3072 magnanimitas
1223 2969 1365 3068 repulit.
1431 2966 1632 3043 Praestabat

322 3099 451 3168 etenim
466 3117 631 3190 corpore,
656 3093 854 3168 incantandi
870 3097 1007 3170 artibus
1023 3094 1176 3196 pollens.
1227 3093 1319 3166 Huic
1337 3115 1488 3190 quoque
1505 3088 1552 3164 de
1566 3091 1631 3164 in-

322 3218 458 3290 dustna
471 3217 668 3289 certaminis
683 3221 870 3314 praemium
893 3218 1114 3317 perquirenti
1138 3241 1201 3292 rex
1233 3213 1394 3306 armillas¹
1421 3211 1630 3312 spopondit.

323 3343 414 3411 Tum
430 3337 506 3427 ille,
541 3365 662 3436 quam,
677 3345 800 3439 inquit,
826 3343 1005 3440 promisso
1028 3338 1139 3414 fidem
1161 3337 1338 3420 deseram,
1370 3363 1454 3412 cum
1471 3339 1550 3436 ipse
1563 3343 1631 3436 pi·
1656 3374 1660 3378 ·

323 3487 416 3561 gnus
430 3463 466 3534 in
483 3459 650 3536 manibus
666 3459 812 3556 babeas,
828 3449 895 3538 nec
908 3465 979 3540 sub
993 3463 1108 3538 aliena
1122 3485 1252 3538 munus
1268 3459 1431 3554 custodia
1445 3459 1629 3559 depones?

324 3590 456 3674 Praesto
478 3587 533 3675 sit,
555 3590 612 3658 cui
636 3592 794 3684 pignoris
817 3586 1022 3686 depositum
1041 3586 1179 3678 credas,
1205 3611 1251 3660 ne
1271 3589 1490 3686 promissum
1508 3599 1630 3662 taetra.-

324 3705 438 3779 ctandi
457 3707 508 3780 sas
521 3713 573 3780 sit.
613 3707 783 3784 Accendit
797 3712 892 3784 enim
911 3711 1077 3810 pugilum
1100 3710 1239 3784 animos
1262 3706 1507 3784 irrevocabilis
1526 3733 1631 3806 praa—

324 3831 381 3901 mii
403 3827 587 3902 certitudo.
647 3831 755 3923 Quod
768 3859 850 3905 eum
865 3835 1030 3931 prolecto
1043 3858 1110 3931 per
1124 3832 1320 3906 ludibrium
1338 3829 1467 3904 dixisse
1481 3849 1632 3906 cousta—

325 3951 404 4040 bat,
438 3977 547 4050 quem
569 3955 604 4026 in
627 3953 908 4051 propulsandam
927 3959 1051 4053 patriae
1074 3954 1326 4060 contumeliam
1342 3952 1420 4027 sola
1436 3957 1547 4028 virtus
1563 3979 1629 4026 ar·-

324 4091 491 4150 mavcrat.
546 4079 662 4169 Quern
681 4079 830 4150 Riiricus
853 4082 931 4152 auri
945 4079 1113 4180 cupidine
1130 4095 1275 4176 captum
1294 4093 1408 4164 ratus,
1440 4101 1485 4147 ne
1500 4091 1634 4174 praeter

323 4201 456 4298 regiam
474 4197 763 4272 consvetndinem
782 4219 1014 4276 revocaturus
1033 4201 1170 4276 donum
1186 4217 1248 4276 aut
1264 4203 1480 4298 promissum
1495 4199 1632 4272 rescis—

323 4346 427 4396 surus
450 4320 647 4413 videretur,
674 4340 713 4396 ut
740 4341 814 4397 crat
841 4329 876 4396 in
902 4330 1044 4423 navigio
1069 4325 1285 4411 collocatus,
1319 4321 1476 4397 armillas
1497 4324 1632 4420 ingenti
1752 4385 1753 4426 p

324 4469 491 4518 cacarssas
512 4446 610 4542 jactu
634 4451 774 4543 petitori
797 4451 982 4546 porrigere
1008 4450 1137 4521 statuit
1200 4446 1269 4519 Sed
1286 4462 1455 4520 conatum
1470 4447 1548 4545 ojus
1564 4443 1636 4516 ic·-
1752 4443 1753 4458 *

326 4564 413 4637 lellit
430 4569 599 4638 interstitii
628 4569 846 4668 magnitudo.
913 4569 1068 4642 Arnrillac
1089 4577 1181 4644 enim
1194 4624 1205 4660 ‚
1228 4568 1399 4669 languido
1434 4593 1477 4642 ac
1500 4591 1635 4667 parum
1752 4561 1753 4582 ¹

328 4703 454 4786 vegeto
482 4707 592 4779 motu,¹
620 4697 704 4762 eiua
727 4689 939 4766 destinatum
959 4690 1080 4767 locum
1112 4692 1281 4793 collapsae
1308 4692 1479 4766 lluctibus
1513 4693 1636 4761 inter-
1752 4705 1753 4738 ³

327 4826 544 4906 captiosum,
572 4812 665 4884 narde
683 4817 812 4886 litirico
827 4815 1060 4913 Slyngcbond
1076 4818 1223 4892 inolevit
1237 4843 1424 4916 agnomen.
1457 4813 1551 4908 'Quae
1568 4837 1636 4886 res
