3442 5456
648 333 886 405 mesenus.
1303 335 1377 406 293

107 549 279 636 sevirent,
297 539 412 617 taliter
428 543 730 617 effoeminatorum
749 542 960 618 dissolutam
976 544 1160 617 mollitiem
1176 546 1424 641 intemperan-

108 671 164 740 tite
178 688 256 742 suar
278 667 404 740 luxum
420 663 607 740 deducere
621 665 851 764 praedieabat.
912 671 1150 766 Interrogatus
1174 667 1300 766 igitur,
1333 691 1378 740 an
1394 675 1424 738 ei

105 787 298 864 dimicandi
316 790 427 862 tirtos
445 785 769 886 suppeterennon
794 815 907 862 unum
931 805 1078 881 tantum,
1102 813 1228 861 verum
1248 787 1426 888 quotlibet

105 914 283 986 admissos
296 909 490 1006 excipiendi
508 915 722 986 certissimas
741 911 808 984 sibi
822 914 914 984 vires
936 927 1052 984 extare
1069 910 1262 1009 respoudit.
1317 913 1426 1004 Quod

104 1035 288 1110 audientes
311 1057 442 1104 novem
477 1032 762 1108 animadvertunt
790 1033 888 1107 hunc
910 1059 1006 1125 esse,
1032 1059 1140 1133 quem
1164 1037 1205 1105 in
1223 1033 1425 1106 subsidium

101 1158 322 1258 Helgonise
357 1153 554 1255 longinquo
577 1173 767 1230 venturum
790 1173 1009 1255 acceperant
1069 1155 1181 1247 Idem,
1217 1173 1255 1227 ut
1280 1181 1424 1253 sponsae

103 1279 303 1356 thalamum
323 1278 567 1351 attentioribus
583 1277 729 1354 vallaret
754 1281 931 1370 excubiis,
957 1277 1195 1353 voluntariam
1224 1277 1424 1377 vigiliarum

103 1429 228 1477 curam
245 1399 441 1498 amplexus,
465 1398 631 1475 reductas
647 1402 803 1474 cubiculi
826 1405 920 1476 fores
945 1402 1056 1477 obicis
1075 1401 1155 1474 loco
1173 1399 1294 1502 gladio
1310 1377 1425 1472 obse—

103 1543 176 1619 rat,
219 1527 377 1599 stationis
410 1547 485 1597 suae
515 1523 690 1598 beneficio
726 1549 889 1598 securam
917 1527 1047 1623 nuptiis
1077 1528 1231 1622 quictem
1264 1521 1424 1596 daturus.

101 1628 343 1748 E‘xperrectus
368 1645 503 1744 flelgo,
538 1673 634 1739 curn,
666 1651 782 1720 somni
812 1663 958 1746 stupore
991 1647 1172 1736 discusso,
1204 1652 1424 1746 promissum

102 1772 287 1846 memoriae
304 1770 525 1868 subjecisset,
540 1777 646 1842 armis
662 1793 795 1868 corpus
812 1769 1034 1843 induendum
1049 1777 1194 1843 curavit
1247 1765 1424 1840 Animad-

103 1911 245 1970 vertens
268 1908 397 1985 autem,
418 1892 608 1991 parvulam
623 1898 738 1966 noctis
751 1890 872 1964 adhuc
896 1915 1086 1989 superesse
1100 1893 1305 1992 caliginem,
1339 1910 1424 1964 eum

103 2014 303 2116 praestolari
321 2013 424 2089 vellet
451 2014 597 2088 diluculi
613 2033 768 2114 tempus,
785 2014 874 2087 dum
893 2017 1010 2088 animo
1027 2019 1223 2115 propinqui
1243 2013 1424 2087 discrimi-

101 2143 154 2212 nis
169 2139 358 2236 negotium
385 2136 580 2231 volutaret,
613 2140 820 2237 obrepentis
836 2140 956 2212 furtim
984 2144 1098 2213 somni
1135 2139 1307 2213 suavitate
1322 2163 1424 2235 prae·-

102 2279 231 2338 rentus
255 2276 441 2361 gravsmm
472 2277 621 2358 stupore
644 2286 780 2359 corpus
800 2261 894 2334 lecto
919 2262 1074 2334 restituit.
1124 2265 1242 2356 Quem
1266 2279 1306 2334 ut
1321 2265 1425 2333 Star-

102 2385 270 2460 catlrerus
284 2385 400 2482 prima
422 2371 501 2456 luce
523 2389 778 2482 superveniens
797 2382 1031 2456 dormientem
1053 2385 1175 2458 uxoris
1198 2383 1424 2482 amplexibus

104 2508 282 2581 inhaerere
297 2509 477 2606 cognovit,
502 2509 717 2604 importunae
732 2507 973 2579 concussionis
987 2505 1149 2578 molestia
1168 2531 1188 2576 a
1211 2509 1336 2604 quietis
1352 2507 1423 2576 otio

101 2635 267 2706 revocari
285 2653 415 2727 passus
430 2655 503 2702 non
526 2647 588 2723 est,
607 2655 652 2701 ne
667 2655 736 2729 per
751 2630 929 2728 ignaviam
949 2627 1122 2700 excitandi
1143 2627 1301 2700 officium
1319 2651 1422 2724 prae—

102 2777 246 2829 sumere
276 2768 403 2825 ettam
426 2755 578 2827 recentis
603 2752 745 2849 copula*
771 2751 997 2824 dulcedinem
1023 2745 1245 2849 interpellare
1275 2748 1423 2824 videre-

106 2895 176 2950 tur.
231 2873 336 2948 Solus
351 2879 473 2974 itaque
491 2875 694 2974 periculum
715 2891 854 2974 petere,
881 2899 990 2974 quam
1008 2873 1132 2946 alienae
1152 2873 1342 2970 voluptatis
1359 2871 1422 2943 of-

103 2999 267 3072 sensione
281 2999 446 3071 comitem
463 3023 623 3096 quaerere
639 3004 835 3098 speciosius
854 2999 963 3072 duxit.
1012 2999 1155 3069 Tacitus
1176 2998 1284 3095 igitur
1307 2997 1422 3068 vesti-

100 3127 204 3223 gium
224 3120 360 3214 retulit,
393 3145 655 3221 campumque,
686 3127 748 3219 qui
765 3121 889 3220 lingua
923 3137 1045 3196 nostra
1077 3121 1252 3220 Roliong¹
1284 3119 1423 3208 dieitur,

102 3271 187 3319 eum
213 3255 419 3342 contemptu
444 3241 728 3317 adversariorum
758 3245 956 3342 ingressus,
985 3246 1055 3318 sub
1079 3249 1209 3316 montis
1234 3240 1423 3342 cujusdam

101 3369 200 3442 clivo
220 3368 377 3440 sessione
401 3371 567 3465 quaesita,
591 3367 785 3441 adversum
811 3367 921 3439 ventis
946 3393 989 3439 ac
1010 3367 1152 3440 nivibus
1173 3391 1305 3464 corpus
1322 3391 1424 3464 pree·-

100 3493 194 3566 bnit.
252 3495 364 3582 Tunc,
380 3515 423 3562 ac
443 3494 472 3561 si
490 3515 599 3562 verna
618 3489 699 3564 coeli
716 3490 904 3587 temperies
923 3492 1103 3587 aspiraret,
1128 3488 1288 3588 deposita
1315 3505 1424 3576 veste,

102 3612 291 3688 demendis
310 3637 458 3710 operam
492 3611 673 3710 pulicibus
705 3611 826 3686 dabat.
901 3615 1130 3712 Purpureum
1148 3634 1316 3710 (quoque,
1349 3606 1424 3708 qno

101 3763 220 3837 nuper
245 3736 294 3809 ab
317 3735 433 3834 Helga
457 3735 609 3808 donatus
636 3733 769 3825 luerat,
810 3734 970 3810 sentibus
988 3734 1184 3809 amiculum
1211 3737 1348 3834 injecit,
1380 3759 1425 3806 ne

100 3876 227 3934 contra
241 3861 418 3932 saevientia
434 3857 612 3958 grandinis
636 3857 705 3930 tela
729 3857 1021 3930 indumentorum
1043 3855 1254 3932 umbracula
1273 3873 1423 3929 mutua-

101 4001 159 4057 tus
174 3979 366 4058 videretur.
434 3984 536 4054 Tunc
554 3988 733 4058 venientes
749 3979 889 4054 athletae
915 3997 1072 4054 montem
1088 4007 1131 4052 ex
1145 3979 1312 4077 opposito
1327 3977 1423 4051 sub-

103 4122 199 4196 eunt,
225 4129 463 4203 aversumque
477 4108 589 4180 ventis
617 4103 764 4178 sedendi
781 4103 904 4179 locum
923 4119 1101 4202 petentes,
1135 4125 1286 4174 accenso
1311 4099 1424 4200 frigus

101 4233 184 4328 igne
199 4226 398 4326 depellunt
451 4229 628 4325 Denique,
646 4251 720 4298 non
736 4232 812 4299 viso
829 4225 1064 4317 Starcathero,
1091 4224 1270 4323 quendam
1295 4229 1424 4297 montis

101 4353 243 4451 fastigio
257 4353 459 4443 immittunt,
484 4353 545 4448 qui
561 4365 732 4445 tanquam
747 4371 775 4419 e
792 4347 938 4446 specula
962 4347 1133 4448 liquidius
1157 4347 1235 4443 ejus
1255 4361 1423 4418 contem-

100 4473 262 4571 plaretur
286 4473 491 4549 adventum.
555 4477 587 4546 ls
607 4487 799 4570 postquam
820 4485 999 4542 montanae
1016 4469 1234 4542 celsitudinis
1256 4471 1424 4542 verticem

101 4595 330 4689 conscendit,
362 4587 406 4670 in'
426 4595 560 4672 devexa
578 4597 658 4694 ejus
673 4611 776 4694 parte
793 4617 913 4667 senem
931 4597 1115 4692 prospicit,
1142 4591 1299 4692 scapulis
1318 4609 1423 4668 tenus

151 4921 158 4953 ¹
172 4913 320 4999 Rolianp]
336 4921 382 4980 Dc
398 4917 456 4981 hoe
468 4937 576 5002 campo
591 4915 650 4977 vid.
669 4927 733 4977 not.
755 4913 837 4981 uber.
