3446 5458
386 347 458 424 198
725 353 900 428 nnnon.
923 352 1028 428 DAN.
1051 351 1188 425 LIBER
1203 351 1245 426 V.

334 575 511 655 putantes,
527 559 690 636 sontibus
709 567 932 659 ignoverunt.
960 561 1103 658 Quibus
1120 559 1400 660 enavigantibus,
1422 559 1545 634 Ericus
1559 557 1624 632 ela-

337 696 414 752 tum
425 657 533 753 'trndis
551 683 705 758 cadaver
717 687 864 783 excepit

469 807 600 876 Interea
621 805 755 882 Frotho
783 806 976 883 Oddonem
1007 830 1091 880 cum
1114 809 1188 882 suls
1215 806 1429 881 occubuisse
1452 809 1626 904 cognoscit.

338 925 494 1023 Quippe,
515 929 677 1025 ignorato
692 929 859 1006 facinoris
884 947 1042 1024 auctore,
1057 929 1218 1006 famosus
1234 927 1373 1003 cladem
1389 954 1516 1002 rumor
1534 951 1626 1001 exce-

338 1063 449 1144 perat.
497 1053 608 1124 Erant
625 1067 760 1146 tamen,
775 1057 838 1154 qui
855 1077 894 1130 se
909 1059 1009 1128 terna
1030 1052 1110 1129 vela
1135 1052 1314 1127 littoribus
1328 1049 1542 1152 appellentia
1572 1075 1626 1121 ea-

338 1167 498 1270 demque
511 1196 655 1248 rursum
670 1181 706 1249 in
720 1181 871 1251 Boream
888 1178 1060 1252 abeuntia·
1077 1180 1304 1276 conspexisse
1317 1191 1508 1268 narrarent.
1550 1176 1629 1245 Tum

340 1295 465 1368 Ericus
485 1313 649 1394 portum,
672 1325 789 1400 aquo
805 1299 942 1375 Frctbo
964 1325 1038 1374 non
1067 1301 1177 1400 longe
1191 1277 1467 1390 deversabatur,
1491 1296 1629 1386 accessit,

341 1421 528 1516 statimque
553 1436 590 1493 ut
616 1446 637 1494 e
660 1429 742 1497 navi
769 1426 956 1525 vestigium
972 1423 1114 1516 extulit,
1136 1426 1319 1522 inopinato
1343 1443 1429 1494 casu
1450 1436 1629 1519 correptus,

343 1539 525 1615 raihundo
544 1557 672 1616 terram
687 1569 840 1646 corpore
854 1549 990 1647 petivit.
1042 1545 1107 1620 Ille
1121 1545 1187 1621 sibi
1203 1551 1239 1620 in
1258 1546 1365 1644 lapsu
1380 1543 1536 1618 faustum
1550 1547 1630 1616 omi-

342 1678 444 1737 natus
464 1671 667 1761 esentum¹,
689 1672 785 1744 tenui
801 1674 976 1770 principio
992 1668 1168 1744 meliores,
1181 1667 1430 1770 augurabatur
1455 1669 1564 1740 exitus
1582 1664 1631 1736 al-

344 1785 496 1861 futuros.
574 1793 688 1890 Cujus
716 1819 831 1892 quum
852 1797 950 1893 Grep
978 1809 1204 1892 compertum
1239 1791 1424 1866 habuisset
1445 1789 1630 1876 adventum,

345 1906 493 1986 festinus
514 1911 561 1986 ad
584 1941 683 1988 mare
705 1916 895 2010 contendit,
912 1943 1024 2016 quem
1042 1921 1180 1992 caeteris
1204 1917 1428 1991 disertiorem
1449 1927 1630 2012 acceperat,

345 2037 600 2131 exquisitorum
630 2039 827 2113 verborum
848 2043 1012 2114 acumine
1034 2055 1242 2115 tentaturus.
1316 2038 1462 2136 Quippe
1484 2061 1555 2109 nou
1574 2053 1631 2108 tarn

346 2162 544 2259 praestantis
568 2185 677 2258 quam
698 2165 861 2261 promcis
892 2161 1079 2257 facundiae,
1103 2165 1281 2262 pervicaci
1314 2177 1462 2236 cunctos
1490 2183 1633 2233 sannone

347 2281 523 2356 vincebat
575 2287 683 2384 Igitur
697 2311 718 2358 a
733 2289 892 2362 convicio
906 2285 1058 2387 litigium
1074 2291 1215 2379 orsus²,
1228 2284 1360 2360 talibus
1381 2285 1528 2357 Ericum
1549 2281 1633 2357 dictis

348 2401 569 2503 aggrediturt

740 2559 813 2630 Gre
847 2582 857 2626 a

479 2675 606 2766 Stulte,
620 2677 701 2777 quis
715 2675 799 2752 es³?
812 2581 903 2780 {aad
915 2677 1029 2750 a‘nane
1039 2673 1163 2780 petis?
1176 2677 1249 2768 dic,
1263 2682 1358 2756 unde
1378 2685 1460 2776 iter,
1477 2697 1543 2756 aut
1554 2673 1634 2782 quo?
1701 2638 1702 2710 l

547 2805 638 2902 (luce
650 2795 746 2873 vala?
760 2803 858 2902 quod
872 2797 1057 2873 studitam?
1073 2801 1154 2904 qttis
1165 2801 1303 2903 prater?
1318 2807 1413 2880 unde
1425 2801 1569 2908 gentas?

481 2921 692 3026 Prcccpmus
705 2924 810 3026 vigor
822 2925 888 2997 ri's*
905 2951 1098 3026 regumque
1114 2923 1321 3002 donatistas
1335 2945 1389 3002 est
1402 2929 1482 3002 [ατ5
1490 2987 1505 3018 ‚

1699 3137 1700 3185 l

397 3237 540 3302 'lileribi
551 3240 581 3299 in
604 3239 690 3325 lapsa
703 3238 843 3324 faustam
863 3239 997 3300 omina·
1034 3231 1105 3298 huie
1126 3233 1265 3302 diserb10
1285 3259 1348 3302 non
1371 3237 1557 3319 absimilem,
1574 3239 1637 3300 inter
1698 3317 1699 3330 χ

352 3359 400 3404 tas
416 3333 560 3422 mentum]
581 3342 624 3405 lta
640 3342 787 3427 expressit
807 3345 887 3408 Saxo
901 3361 975 3427 pro·
1032 3339 1173 3406 Tborum
1200 3357 1231 3406 et
1256 3343 1451 3408 Herbardam
1475 3341 1639 3428 (nuinb-
1698 3333 1699 3421 l

351 3445 488 3510 serbiam
506 3449 734 3534 perantiquum:
751 3451 818 3537 fall
837 3474 870 3512 er
878 3449 975 3536 sarar
1033 3443 1108 3525 liod,
1124 3445 1184 3510 vid.
1199 3447 1278 3512 Edd.
1292 3451 1447 3514 Saemundi
1462 3431 1525 3516 vol.
1538 3449 1577 3532 1).

352 3555 421 3618 luerit
446 3551 465 3614 i.
494 3573 519 3616 e.
546 3555 646 3639 lapsus
671 3568 717 3618 est
742 3553 860 3618 itineris
886 3555 976 3616 salus.
1079 3557 1210 3628 ³Smlte,
1226 3561 1290 3640 qais
1305 3553 1350 3637 es]
1367 3559 1514 3620 Fortasse
1527 3553 1639 3638 respexit

350 3661 421 3742 Hoc
434 3659 599 3742 proverbio
619 3682 687 3722 usus
701 3672 746 3723 est
759 3655 912 3722 Harsldus
923 3661 976 3722 Se·
1034 3661 1145 3722 Noster
1158 3658 1196 3724 ad
1218 3659 1327 3744 Virgil.
1348 3662 1468 3726 AEneid.
1486 3665 1564 3739 vnt,
1581 3655 1640 3721 tn:

352 3783 451 3844 verns,
474 3783 544 3827 ctttn
559 3786 638 3828 anno
659 3762 748 3844 1066,
770 3765 910 3850 pralium
936 3761 975 3826 etl
1037 3769 1256 3850 Quatendr'tt's?
1271 3772 1381 3852 mqut'tt
1396 3770 1640 3854 (taigenustmtc

351 3882 477 3954 pontem
501 3869 752 3937 stanfordensem
775 3881 844 3933 cuni
869 3869 977 3952 anglis
1036 3873 1144 3934 doato?
1158 3897 1298 3960 pacemne
1313 3876 1521 3959 tarjertr'saa
1534 3875 1628 3937 arma?

352 3975 491 4056 initurus,
503 3996 540 4039 ex
560 3997 639 4061 equo
652 3976 866 4040 deturbaretur
882 3975 978 4054 (nist.
1081 3981 1274 4064 *Pracipites
1287 3983 1373 4063 vagor
1392 3977 1443 4061 iis]
1460 3983 1544 4066 Grep
1560 3971 1641 4060 carpit

352 4103 417 4167 reg.
430 4086 561 4166 Norrag.
580 4083 640 4146 vol.
654 4087 694 4145 nt
709 4103 775 4168 cap.
789 4081 853 4164 93).
1035 4101 1139 4146 omnes
1147 4083 1401 4168 peregrinatores,
1408 4103 1543 4148 asserens
1555 4101 1642 4167 quen·

397 4194 452 4251 ²A
463 4193 589 4251 concreto
608 4193 736 4272 litigium
755 4185 861 4270 orsas]
873 4187 977 4250 Dubio
1035 4207 1164 4272 cumque
1180 4189 1324 4273 lupatria
1339 4211 1392 4252 sua
1408 4192 1535 4253 maxime
1550 4188 1642 4250 valere.

351 4306 444 4372 caret,
458 4297 607 4358 saxonem
619 4293 732 4358 hancce
749 4294 977 4358 altercationem
1080 4297 1277 4378 ‘Regumqae
1313 4298 1485 4360 domesticas
1519 4313 1561 4358 est
1591 4285 1641 4366 lar]

352 4399 488 4462 versibus
513 4401 637 4464 Danicis
670 4421 841 4485 expressam
875 4400 976 4464 latini·
1035 4399 1157 4463 Pbrasis
1181 4399 1340 4463 obscurior
1363 4401 1413 4464 rix
1436 4411 1539 4484 potest
1562 4393 1643 4478 expli·

353 4517 416 4568 tate
431 4504 565 4570 donasse.
606 4506 800 4592 Ipsumenim
815 4525 975 4591 argumen·
1034 4505 1097 4566 cari
1121 4503 1178 4567 nisi
1206 4524 1242 4568 ex
1280 4505 1496 4590 superstitione
1521 4517 1643 4567 soterum

355 4619 419 4673 tum
442 4611 491 4674 rix
513 4623 578 4676 erat
609 4611 777 4696 ejusmodi,
811 4615 845 4675 u't
869 4633 973 4677 t‘enant
1034 4611 1217 4674 Borealinm.
1257 4609 1425 4675 Scusushic
1442 4629 1505 4673 esse
1521 4607 1643 4673 videno:

354 4715 467 4780 autoris
475 4717 625 4802 poeticam
633 4733 743 4804 sponte
753 4717 885 4780 eliceret.
914 4721 978 4780 lla·
1036 4719 1096 4779 Lar
1110 4735 1215 4801 regum
1229 4725 1276 4780 est
1289 4717 1335 4779 lar
1348 4717 1528 4781 domesticus
1543 4729 1642 4776 eomas

354 4821 460 4884 bemus
484 4835 584 4885 autem
606 4823 687 4886 inter
709 4823 842 4886 carmina
863 4821 977 4885 Eddica
1036 4823 1135 4907 quise
1152 4821 1235 4885 domi
1254 4823 1421 4887 continent.
1451 4813 1642 4884 LarBoreali·

355 4924 595 5006 altercationem,
609 4927 635 4988 si
652 4925 780 4990 formam
799 4939 977 5011 spectamus,
1035 4927 1091 4992 lma
1106 4929 1264 4995 dicebatur
1274 4933 1399 5016 fflgr'ar
1416 4929 1477 4992 sive
1499 4925 1641 5004 nminat·
