3520 5462
1241 45 1280 84 l

264 421 268 430 Ι
380 323 450 396 132
589 341 595 356 ·
717 319 891 393 utsrott.
908 319 1013 393 nan.
1031 319 1169 394 uuna
1187 321 1281 410 111.⁸

328 559 399 635 gna
424 557 507 606 cum
530 529 607 600 Boo
628 552 842 626 congressus
868 527 1054 604 occiditur.
1114 531 1188 604 Nee
1208 529 1371 630 jucunda
1391 535 1469 609 Boo
1487 535 1636 610 victoria

327 655 446 730 extitit.
486 653 632 749 Quippe
649 667 718 723 tam
734 653 890 750 graviter
904 651 1053 730 allectus
1070 659 1146 728 acie
1160 659 1324 746 excessit,
1336 671 1388 746 ut,
1402 673 1507 730 muto
1522 681 1635 732 exee-

326 797 411 880 ptus
437 794 545 876 atque
573 798 594 846 a
610 773 792 873 peditibus
810 777 965 850 vicissim
978 775 1219 854 subeuntibus
1235 776 1385 854 domum
1400 777 1547 870 relatus,
1561 805 1635 878 po-

326 903 448 979 stridie
461 899 651 976 vulnerum
676 895 803 970 dolore
820 917 1102 983 consumeretur.
1157 901 1272 1000 Cujus
1295 925 1428 1000 corpus
1443 901 1637 1003 magnifico

325 1027 458 1102 funeris
480 1035 656 1122 appamtu
670 1021 833 1094 Rutenos
855 1019 1045 1096 tumulavit
1061 1025 1247 1114 exereitus,
1273 1029 1419 1098 nomine
1442 1025 1523 1123 ejus
1545 1025 1635 1098 insi-

325 1174 433 1250 gnem
448 1161 631 1220 exstruens
646 1140 812 1232 collem¹,
836 1167 882 1216 ne
908 1150 993 1219 tanti
1009 1147 1151 1244 juvenis
1164 1162 1395 1224 monumenta
1420 1171 1443 1219 a
1463 1161 1636 1246 postero-

325 1297 405 1344 rum
420 1267 592 1342 memoria
608 1267 712 1338 citius
728 1262 1006 1340 dilaberentur².

451 1393 565 1491 Igitur
581 1391 730 1462 Curetes
745 1397 787 1460 ae'
803 1390 971 1481 Sreones,
995 1389 1145 1489 perinde
1159 1415 1201 1464 ac
1215 1389 1366 1466 Hotheri
1379 1405 1496 1464 morte
1510 1391 1634 1464 tribu-

322 1519 419 1588 tariae
445 1517 551 1588 soriis
580 1535 689 1584 onere
719 1507 880 1600 liberati,
903 1514 1076 1605 Daniam,
1116 1539 1227 1613 quam
1252 1519 1378 1588 annuis
1404 1513 1635 1616 vectigalium

323 1638 507 1737 obsequiis
526 1634 691 1732 amplecti
713 1632 895 1725 solebant,
929 1639 1038 1710 armis
1070 1636 1219 1737 aggredi
1235 1643 1395 1712 animum
1410 1637 1634 1712 induxerunt.

322 1763 376 1834 Ea
389 1785 447 1834 res
461 1759 597 1838 Selavis
617 1783 767 1861 quoque
793 1757 1003 1832 delectionis
1021 1757 1210 1834 audaciam
1236 1762 1446 1838 ministravit
1471 1761 1636 1861 aliosque

323 1882 530 1982 complures
553 1911 596 1958 ex
616 1881 901 1982 obsequentibus
918 1879 1040 1957 hostes
1056 1883 1179 1956 effecit.
1238 1883 1353 1982 Cujus
1375 1885 1517 1982 injuriae
1539 1910 1634 1982 pro-

322 2003 508 2106 pulsandae
529 2009 642 2106 gratia
667 2009 819 2082 Riiricus
842 2023 1060 2082 contractam
1087 2011 1244 2080 inerma
1274 1993 1435 2104 patriam*
1450 2009 1635 2082 recensitis

321 2132 503 2228 majorum
525 2129 698 2229 operibus
723 2129 770 2203 ad
783 2130 1038 2229 capessendam
1054 2133 1218 2202 virtutem
1242 2133 1405 2228 impenso
1420 2127 1635 2204 hortation'ss

322 2277 453 2352 genere
476 2254 710 2329 concitabat³.
750 2258 794 2328 At
807 2253 966 2345 Barbari,
982 2277 1028 2326 ne
1041 2251 1181 2326 bellum
1196 2251 1337 2352 absque
1351 2249 1444 2326 duce
1459 2255 1633 2328 commit-

322 2392 446 2465 terent,
473 2379 701 2476 capiteopus
724 2403 802 2452 esse
825 2393 1022 2467 cernentes,
1048 2391 1167 2450 creato
1180 2373 1248 2450 sibi
1264 2399 1361 2475 rege,
1377 2381 1516 2452 caeteris
1529 2376 1633 2450 mili-

322 2500 378 2571 tiae
398 2499 534 2573 viribus
551 2503 713 2591 ostensis,
739 2499 949 2573 obscuriore
965 2498 1049 2574 loco
1069 2499 1176 2574 binos
1190 2515 1410 2572 onustorum
1425 2499 1633 2599 manipulos

321 2619 487 2696 condunt.
539 2627 614 2696 Nec
632 2625 802 2696 Riiricnm
815 2619 951 2696 insidiae
967 2621 1137 2698 fefellere.
1197 2625 1266 2715 Qui
1284 2645 1369 2698 enm
1389 2619 1544 2718 classem
1558 2647 1633 2698 sn·-

320 2767 379 2816 am
399 2743 525 2819 vadosi
550 2745 741 2846 eujusdam
765 2746 918 2844 gurgitis
942 2751 1047 2820 aretis
1068 2743 1423 2820 faucibusinbaerere
1437 2749 1632 2843 conspice-

320 2885 385 2960 ret,
411 2869 546 2960 arenis,
582 2869 715 2967 quibus
742 2867 939 2960 insidebat,
971 2869 1187 2943 abstractam
1215 2866 1400 2967 prolimdo
1428 2865 1560 2967 adegit,
1585 2895 1632 2942 ne

268 3013 271 3019 ·
321 2990 457 3064 limosis
485 2989 617 3063 inflicta
640 2991 836 3091 paludibus
861 2990 1003 3068 diversa
1027 2991 1076 3066 ab
1108 2989 1276 3068 hostibus
1303 3007 1406 3090 parte
1437 3005 1631 3088 peteretur.

321 3115 496 3185 Praeterea
515 3109 672 3188 latebras
687 3120 794 3190 sociis
817 3113 969 3189 interdiu
994 3113 1189 3214 captandas
1205 3118 1395 3204 constituit,
1419 3111 1555 3211 quibus
1570 3117 1632 3186 in-

320 3238 480 3308 sistentes
505 3261 549 3308 ex
574 3241 769 3336 improviso
794 3245 941 3312 navium
958 3261 1115 3313 ‘suarum
1145 3236 1386 3337 irruptoribns
1410 3233 1633 3326 insultarent,

320 3355 398 3428 sore
413 3381 521 3455 posse
536 3360 720 3457 praelatus,
744 3377 785 3433 ut
799 3362 837 3432 in
861 3377 1048 3436 auctorum
1063 3375 1174 3460 eaput
1189 3363 1348 3459 propriae
1362 3356 1498 3434 fiands
1511 3383 1631 3433 even-

319 3461 377 3552 tus
391 3461 573 3553 recideret.
624 3481 774 3554 Barbari
790 3507 888 3574 vero,
907 3489 968 3583 qui
984 3482 1119 3559 insidiis
1143 3481 1278 3558 addicti
1294 3480 1454 3573 fuerant,
1480 3482 1631 3554 Datiioae

320 3606 644 3701 circumspectionis
658 3610 782 3704 ignari,
808 3576 1004 3706 irruptione
1026 3623 1161 3682 temere
1173 3604 1288 3698 edita,
1320 3627 1445 3679 omnes
1459 3605 1631 3704 oppressi

248 3827 250 3832 7
318 3740 411 3798 sunt.
435 3723 588 3824 Reliqua
604 3726 812 3802 Selavorum
829 3753 968 3821 manus,
983 3735 1144 3830 ignorata
1161 3734 1342 3804 sociorum
1362 3743 1501 3828 strage,
1517 3749 1633 3827 snper

319 3848 439 3921 Rtiriei
461 3872 562 3920 mora
584 3849 697 3924 multa
724 3877 857 3951 anceps
883 3850 1117 3926 admiratione
1144 3850 1337 3950 pendebat.
1396 3853 1513 3945 Quem
1535 3853 1633 3926 inter
1745 3947 1746 3952 ἵ

318 3995 433 4071 aegras
447 3972 619 4043 mentium
629 3969 878 4050 fluetuationes
890 3975 1027 4050 diutule
1040 3991 1294 4074 exspectatum,
1306 4001 1391 4051 cum
1406 3973 1633 4074 praestolatio
1745 3957 1746 3960 Ἴ

317 4092 431 4168 indies
447 4092 629 4168 molestior
649 4093 762 4188 fieret,
787 4095 900 4173 classe
916 4099 1059 4174 tandem
1073 4096 1270 4197 petendum
1288 4096 1455 4174 ducebat.

449 4219 536 4292 Erat
557 4233 676 4292 antem
701 4223 791 4296 inter
814 4245 876 4296 eos
899 4225 953 4298 vir
971 4223 1140 4321 corporis
1161 4220 1289 4295 habitu
1311 4226 1476 4320 insignis,
1507 4219 1633 4294 officio
1745 4259 1746 4334 ἐ

316 4361 453 4440 magus.
507 4345 589 4436 Qui,
603 4345 806 4442 prospectis
818 4347 1007 4459 Dannrnm
1022 4350 1164 4438 turmis,
1196 4360 1237 4418 ut
1258 4368 1458 4443 paucorum
1479 4347 1635 4442 impen-
1745 4371 1746 4428 t

363 4585 514 4647 ¹Nomine
532 4589 595 4668 eJias
616 4593 757 4674 insignem
785 4607 936 4654 exstruens
997 4591 1233 4658 Observationes
1254 4591 1410 4686 generales
1437 4589 1476 4654 de
1497 4585 1634 4654 nitoris
1745 4623 1746 4628 ¹

315 4685 426 4764 collem]
450 4691 498 4751 De
512 4691 572 4754 situ
586 4692 676 4776 hujus
689 4695 777 4758 collis
794 4695 855 4760 vid.
874 4709 938 4761 not.
997 4697 1131 4761 Hotheri
1150 4697 1221 4762 ride
1240 4698 1273 4760 ira
1295 4709 1360 4762 not.
1382 4696 1468 4760 uber.

315 4788 400 4852 uber·
1044 4807 1196 4867 ³R6rieus
1214 4809 1348 4892 patriam
1371 4797 1548 4882 wnetiabnt]
1570 4800 1637 4864 De

360 4899 432 4958 ²Ne
445 4920 465 4959 a
479 4905 614 4963 memoria
628 4906 713 4965 citius
731 4905 938 4986 dilaberentur]
999 4907 1112 4972 Rtirieo
1125 4908 1185 4974 vid.
1200 4921 1264 4973 not.
1279 4909 1363 4973 uber.
