3476 5460
364 311 438 386 386
691 301 867 382 iustos.
882 311 988 382 DAN.
1003 311 1141 382 Llllllli
1157 311 1246 382 lllll.

314 519 485 594 ductabat
511 543 659 621 agmen3
683 535 719 592 at
742 517 849 590 Olooi
873 518 1064 594 netralibus
1084 545 1241 619 praesse
1260 525 1378 621 copiis
1399 531 1625 622 importum.
1728 613 1729 616 Ἴ

312 643 423 744 igitur
444 641 573 716 Gothis
595 642 741 717 obviam
763 645 884 717 &esis
901 641 1069 716 veniendi
1092 649 1184 718 inter
1207 645 1285 718 wie
1308 661 1344 717 et
1367 643 1623 720 Werundiam¹
1728 617 1729 660 ³

312 765 413 840 tons
433 787 518 838 oum
542 780 702 862 tempore
727 763 969 839 denunciatur.
1034 767 1194 842 Cernere
1211 783 1288 840 mm
1312 783 1389 840 erat
1417 765 1488 842 late
1510 773 1628 866 prore

312 903 494 962 exaratum
518 909 636 978 mare,
666 903 976 988 prospectumque
1000 885 1120 987 pelopi
1147 887 1322 987 explicata
1350 887 1455 962 molis
1490 889 1626 964 meba-

313 1035 352 1084 sa
375 1008 647 1109 praestruebant.
715 1013 761 1082 Et
782 1012 857 1109 jam
880 1008 1005 1084 classis
1019 1011 1174 1104 Sretioa,
1198 1035 1376 1110 prospera
1402 1013 1627 1112 navigatione
1728 1069 1729 1086 .

311 1157 389 1223 usa,
404 1135 515 1206 Danie
534 1128 657 1202 adbuc
679 1127 834 1205 adrerso
857 1131 1107 1207 laborantibus
1129 1133 1243 1226 omlo,
1268 1137 1443 1208 macutus
1461 1134 1548 1208 hettt
1562 1135 1628 1208 le-

312 1279 395 1328 cum
410 1253 593 1353 petiverat.
643 1252 711 1326 Ubi
726 1253 844 1354 liingo
857 1256 1036 1352 expositas
1058 1253 1174 1328 classe
1187 1261 1313 1354 copias
1326 1255 1520 1354 shrulqne,
1532 1281 1628 1354 quas

310 1381 389 1476 ipse
402 1393 551 1482 ¹terreno
574 1375 740 1448 ductaret
764 1376 906 1468 itinere,
940 1381 1113 1476 gregatim
1132 1379 1170 1450 in
1200 1385 1313 1452 aciem
1334 1378 1490 1475 dirigam
1514 1393 1627 1474 prust.

312 1505 402 1592 Quoe
428 1499 491 1572 ubi
514 1499 654 1596 eampis
680 1496 794 1572 laxius
825 1497 991 1597 explicari
1019 1517 1224 1596 caeperunt,
1266 1525 1378 1578 corno
1404 1500 1560 1574 alterum
1587 1503 1627 1574 in

311 1622 546 1696 Werundiam
561 1620 694 1696 extrahi
710 1637 933 1720 compertum
949 1636 1011 1694 est.
1063 1624 1181 1713 Quam
1199 1621 1461 1696 multitudinem
1478 1647 1541 1696 tex
1562 1621 1626 1694 lo-

312 1751 363 1818 eis
375 1743 635 1842 ordinibusque
652 1745 838 1818 malusam
856 1767 954 1842 equo
976 1744 1169 1845 circuiens,
1194 1750 1231 1816 iu
1252 1743 1368 1819 frome
1394 1747 1625 1844 promptissi-

312 1891 392 1940 mos
408 1891 575 1964 quosque
589 1882 623 1938 et
640 1867 870 1964 praestantiori
891 1883 1070 1940 armatura
1095 1862 1210 1940 cultos
1225 1865 1296 1938 sub
1316 1865 1441 1960 Olone,
1465 1867 1627 1967 Regna}-

313 1989 364 2062 do
388 1987 604 2084 Wivilloque
619 1987 774 2062 ducibus
795 1987 964 2080 collocat3
990 1985 1251 2063 deluderetur
1284 1987 1379 2062 flexo
1403 1989 1565 2088 quodam
1590 1995 1627 2062 in

312 2112 388 2185 duo
403 2135 535 2184 omnus
549 2109 726 2208 reliquant
750 2110 858 2181 anan
878 2113 982 2210 cogit.
1048 2109 1231 2209 liquibus
1250 2108 1413 2184 dextram
1437 2117 1625 2212 Ungotruu

312 2257 395 2307 oum
419 2230 527 2304 Elrici
557 2231 638 2304 liliis
668 2234 937 2331 Trigonemque
965 2235 1055 2306 tueri
1093 2227 1215 2330 jubet3
1259 2249 1293 2306 at
1325 2234 1458 2308 lterum
1494 2237 1625 2310 Loeoni

311 2378 437 2454 parere
454 2357 601 2453 jussum.
631 2355 807 2427 Caeterum
828 2351 903 2430 alas
921 2355 1128 2456 globosque
1149 2358 1302 2456 maxime
1319 2359 1494 2431 Curetum
1512 2355 1625 2430 Esto-

312 2501 472 2578 numque
502 2480 697 2549 consertior
721 2493 836 2550 turma
863 2493 1032 2552 texuerat.
1113 2477 1243 2552 Ultima
1270 2479 1497 2554 funditorum
1530 2481 1625 2554 acies

312 2601 440 2675 stabat.

442 2727 577 2794 interea
597 2717 876 2815 classisDanica,
896 2737 1086 2812 ventorum
1108 2723 1321 2826 indulgentia
1344 2730 1537 2824 aspirante,
1560 2751 1622 2802 ae-

313 2865 411 2948 ptem
423 2845 563 2920 dierum
580 2849 783 2918 continuam
809 2846 1071 2943 navigationem
1095 2871 1255 2938 eninm,
1270 2847 1498 2954 Calmarmm
1510 2855 1621 2946 oppi-

312 2969 401 3044 dum
412 2967 555 3041 subiit².
606 2949 784 3040 Mirareris
808 2965 881 3039 late
899 2966 1012 3042 ventis
1038 2965 1254 3042 velificatnm
1270 2993 1379 3062 mare,
1412 2971 1620 3068 coelumque

312 3087 486 3166 eroeulis
502 3091 632 3161 intenta
655 3097 811 3162 antennis
829 3088 936 3164 lintea
958 3089 1169 3190 eripiebant.
1232 3097 1321 3166 llam
1344 3091 1521 3166 Salariae
1544 3095 1619 3166 tin·

311 3217 564 3310 Senonumque
585 3227 724 3310 septem
746 3213 857 3286 millia
878 3215 1028 3290 classem
1059 3223 1239 3290 auxerant.
1309 3221 1355 3289 At
1376 3241 1444 3316 per
1467 3213 1616 3290 solidum

311 3331 639 3438 proficiscentibus³
659 3333 882 3430 scanienses,
906 3329 1008 3436 quod
1032 3331 1198 3410 locorum
1219 3339 1325 3438 periti
1341 3355 1479 3429 essent,
1511 3337 1616 3412 duces

311 3486 355 3534 ae
369 3459 497 3560 praevii
513 3456 742 3532 destinantur.
800 3451 910 3559 Igitur
936 3459 1000 3532 ubi
1015 3459 1305 3559 praestolantibus
1319 3462 1442 3536 Sreois
1465 3463 1616 3536 Desinis

311 3586 514 3681 supervenit
530 3583 722 3673 exercitae,
754 3579 871 3682 limgo
900 3587 992 3671 suis,
1030 3579 1273 3682 quoadusque
1303 3581 1486 3660 lietaldus
1510 3585 1615 3658 adeat

357 3843 460 3902 'later
474 3839 547 3900 Wie
559 3853 589 3900 et
608 3829 821 3919 Wercadtiam]
840 3841 931 3902 Juxta
991 3835 1140 3926 oppidum
1148 3835 1437 3923 hocloco,atsnpt'a·,
1445 3835 1614 3922 intelligen-

309 3941 490 4008 aententiam
509 3938 628 4004 Submii
647 3941 718 4003 satis
741 3942 932 4026 probabilem
992 3943 1064 4006 dum
1076 3955 1122 4007 est
1135 3943 1219 4006 locus
1231 3939 1394 4024 habitatos,
1406 3945 1516 4012 boeaire
1529 3941 1612 4030 tyge.

312 4049 369 4118 Vic
387 4047 569 4132 intelligitur
589 4058 704 4110 tractus
724 4049 813 4131 bujus
835 4051 932 4111 nomi·
992 4050 1173 4134 Emporium
1201 4048 1380 4115 Ralmarnar
1408 4065 1456 4114 est
1485 4050 1614 4138 peranti-

309 4153 355 4217 uit
374 4153 406 4216 in
427 4149 612 4217 Gothlandia
636 4149 770 4216 anomali.
812 4155 932 4220 Verun-
992 4173 1103 4240 quum3
1124 4153 1278 4240 direptum
1295 4155 1352 4218 fult
1368 4175 1385 4219 a
1401 4155 1613 4244 Nottegisioi-

308 4259 357 4322 dia
372 4258 435 4324 site
449 4253 601 4322 Verendia
622 4270 688 4322 erat
707 4277 778 4344 pars
796 4259 933 4321 Smalan-
993 4261 1037 4323 tio
1052 4261 1155 4323 seculi
1170 4259 1342 4326 duodecimi
1349 4257 1445 4341 (Hist.
1455 4283 1517 4348 reg.
1525 4267 1612 4325 Norr.

308 4365 366 4429 dia
384 4363 465 4446 (rid.
485 4365 644 4450 liogbergs
666 4361 863 4448 Besirilning
882 4383 933 4428 orn
992 4367 1109 4428 roilli
1129 4389 1160 4450 p.
1172 4365 1260 4450 270).
1283 4369 1459 4432 lialmsrnet
1483 4369 1542 4453 jam
1563 4383 1611 4426 oc-

307 4467 488 4556 Smalaodp.
503 4465 533 4550 7,
544 4463 630 4552 368).
641 4469 933 4556 Stephaniusposuit
992 4469 1088 4534 currit
1105 4469 1138 4533 ln
1154 4471 1280 4537 historia
1299 4473 1391 4540 Olsri
1409 4473 1514 4538 Saooti
1528 4463 1609 4553 (ibid.

184 4581 190 4590 “
306 4577 366 4641 boo
385 4579 455 4642 loeo
474 4587 506 4639 et
525 4577 618 4661 paulo
638 4573 717 4639 inlra
740 4575 930 4650 Verendiam,
990 4577 1051 4640 rol.
1066 4579 1092 4640 11
1107 4600 1138 4663 p.
1156 4571 1243 4658 iffi).

306 4681 360 4747 sed
390 4683 586 4769 scriptionem
617 4681 757 4746 editionis
784 4684 931 4770 principis
1036 4687 1118 4746 ³Per
1132 4687 1255 4748 solidum
1266 4679 1528 4774 projr'a'sceaufls]
1542 4683 1606 4745 Hoc

307 4787 490 4872 sequendam
506 4781 668 4878 esseduxi:
989 4803 1045 4870 est,
1066 4791 1204 4854 terrestri
1217 4791 1336 4856 itinere.
1379 4759 1603 4856 solidamenta

352 4895 566 4957 ’Cdlmerttam
581 4895 722 4981 'oppidum
746 4891 848 4974 stelt'it]
868 4897 929 4957 Per
986 4895 1036 4960 ltltt
1049 4895 1188 4962 absolute
1204 4906 1359 4984 prolem
1374 4896 1508 4982 ponitur.
1522 4891 1569 4972 (8)
