3446 5458
576 261 580 272 '
649 279 835 350 rnomo
854 281 908 350 ιιι.
1324 279 1392 352 asa
1455 334 1459 346 .

127 513 179 559 na
201 487 359 562 liliorum
375 503 470 562 sorte
485 488 676 589 gaudebat.
738 491 793 562 Eo
817 505 978 588 ternpore
996 487 1142 588 quidam
1159 488 1350 568 Frotbonis
1364 489 1442 564 sra-

128 628 186 684 tre
202 612 344 708 genitus
369 636 437 708 pro
466 609 598 682 tuenda
612 614 727 708 patria
744 611 893 709 gerebat
911 617 958 682 rei
976 615 1125 684 nauticae
1144 636 1329 685 summam.
1371 614 1442 686 So-

128 759 193 804 ror
214 737 308 832 regis
334 735 504 804 Gunvara
526 751 620 826 erat,
648 735 708 808 cui
729 733 780 808 ob
806 735 970 808 eximiam
993 735 1118 808 lormee
1142 731 1442 832 pulchritudinem

128 856 313 952 speciosae
329 859 551 951 cognomen¹
575 856 726 928 extabat.
787 854 864 927 Filii
884 861 1070 930 Westmari
1086 853 1306 954 Colonisque
1328 881 1441 954 quum

128 992 169 1048 et
186 993 288 1048 aetate
306 975 512 1073 impuberes
538 993 572 1048 ct
593 982 719 1052 animis
737 1001 836 1052 acres
852 995 980 1070 essent,
1005 975 1138 1050 fidncia
1161 981 1196 1048 in
1212 968 1459 1055 temeritatem

127 1121 247 1186 versa,
260 1076 262 1084 ¹
273 1094 320 1168 ad
336 1097 531 1172 obscoenos
546 1123 589 1170 ac
610 1097 805 1198 degeneres
822 1101 910 1174 ritus
934 1104 1154 1198 inquinatam
1175 1097 1311 1200 flagitiis
1329 1099 1441 1173 indo-

127 1220 205 1294 lem
224 1217 461 1293 contulerunt.
521 1217 622 1293 Adeo
648 1222 743 1292 enim
768 1219 962 1296 insolenter
983 1247 1022 1294 se
1043 1221 1287 1322 indomiteque
1315 1247 1442 1322 gesse-

127 1357 226 1435 runt,
254 1357 304 1434 ut,
324 1346 558 1442 constupratis
574 1339 726 1416 aliorum
740 1343 911 1446 nuptisac
928 1343 1082 1438 filiabus,
1097 1331 1350 1444 proscripsisse
1366 1371 1441 1442 pu-

126 1463 287 1538 dicitiam
312 1479 421 1562 atque
450 1468 484 1534 in
504 1463 747 1563 prostibulum
770 1463 947 1566 relegasse
973 1465 1187 1541 viderentur.
1255 1456 1460 1564 corruptis·

129 1612 285 1686 quoque
301 1602 544 1658 matronarum
567 1584 707 1680 fulcris,
739 1614 785 1662 ne
802 1594 889 1662 toris
910 1589 1057 1688 quidem
1076 1586 1308 1692 virginalibus
1326 1586 1442 1684 absti-

129 1709 277 1782 nebant.
320 1711 413 1782 Suns
427 1706 564 1780 nullum
583 1708 760 1784 thalamus
777 1712 964 1784 securitate
980 1711 1149 1804 donabat,
1166 1736 1231 1786 nec
1251 1714 1442 1812 quisquam

126 1821 350 1928 serepatrite
376 1830 477 1904 loeus
495 1829 643 1904 luxuriae
666 1857 792 1906 eorum
814 1836 970 1932 vestigiis
1000 1859 1136 1908 vacuus
1170 1850 1254 1908 erat.
1328 1831 1442 1902 Mariti

131 1969 244 2046 metu,
270 1955 444 2052 conjuges
460 1978 656 2050 corporum
672 1980 821 2030 suorum
840 1953 999 2028 ludibrio
1014 1957 1241 2030 vexabantur.
1303 1955 1443 2056 lnjuriis
1466 1985 1477 2001 ·

126 2077 419 2174 obtemperatum
435 2092 497 2148 cst.
548 2079 661 2150 Cessit
678 2076 893 2176 copularum
912 2096 1109 2176 respectus,
1127 2078 1338 2174 violensque
1359 2100 1442 2146 ant·-

129 2199 305 2296 plexunnt
339 2223 427 2270 usus
454 2197 629 2270 extabat2.
700 2199 884 2275 Publicata
917 2218 970 2274 est
995 2203 1150 2288 Venus³,
1192 2201 1444 2297 conjugiorum

132 2322 335 2393 reverentia
354 2337 537 2420 pereunte.
590 2323 735 2420 Raptim
753 2321 893 2396 luxuria
915 2322 1112 2421 petebatur.
1174 2325 1213 2394 in
1239 2343 1347 2392 carisa
1370 2318 1444 2390 oii-

131 2469 195 2516 urn
211 2443 323 2534 erat⁴,
358 2442 461 2540 quod
484 2451 639 2542 expertia
661 2445 859 2544 agitationis
887 2469 1042 2542 corpora
1067 2449 1182 2516 amica
1207 2446 1298 2516 vitiis
1324 2435 1443 2539 quiete

131 2563 346 2636 diffluerent
399 2565 559 2638 Tandem
577 2570 688 2664 (ἔτερ,
702 2564 773 2639 hoc
794 2570 939 2640 nornine
955 2569 1243 2668 participantium
1259 2565 1444 2648 maximus,

133 2705 173 2764 ut
189 2685 360 2760 diffusum
376 2684 532 2762 libidinis
551 2704 687 2762 motum
707 2705 804 2762 certa
827 2699 947 2788 specie
965 2691 1112 2779 sisteret,
1139 2685 1352 2760 errabundae
1364 2681 1443 2756 ve-

129 2812 246 2884 neris⁵
284 2826 431 2906 portum
463 2811 500 2882 in
530 2834 708 2909 germana,²
744 2815 837 2909 regis
874 2837 997 2886 amore
1026 2827 1148 2910 petere
1183 2834 1292 2884 ausus
1324 2809 1443 2880 extitit.

130 2935 206 3004 Nee
231 2947 316 3029 apte
336 2929 491 3028 quidem.
552 2935 639 3004 Nam
660 2934 749 3006 sicut
767 2933 1022 3032 vagabundam
1038 2949 1146 3030 atque
1167 2921 1352 3008 erroneam
1370 2955 1443 2999 vo-

130 3053 303 3151 luptatem
330 3051 552 3126 reremedio
572 3053 680 3128 scenis
696 3065 851 3127 coerceri
870 3063 1041 3154 oportuit,
1066 3061 1147 3128 itan
1164 3054 1335 3154 populari
1351 3077 1443 3151 pro*

132 3176 203 3246 lem
221 3176 379 3274 aegiam⁶
405 3180 609 3274 concupisci
623 3181 851 3249 temerarium
866 3177 940 3250 fuit.
1004 3179 1067 3251 llla
1084 3183 1185 3277 proci
1209 3173 1442 3278 petulantiam

178 3476 186 3508 ¹
198 3473 343 3557 Speciosa
361 3467 531 3552 cognomen]
555 3475 653 3534 dulor
678 3469 758 3534 haud
868 3475 927 3534 ⁴In
937 3497 1028 3539 canan
1041 3478 1130 3537 otium
1143 3470 1220 3550 erat]
1234 3473 1324 3537 Juxta
1340 3467 1448 3546 Ovidi·

133 3573 224 3640 dubie
242 3573 374 3658 respexit
388 3575 568 3658 committa
582 3579 652 3640 kann
661 3577 761 3662 segra
816 3599 910 3644 xttrtuttt
924 3576 1017 3640 iilud:
1030 3581 1093 3642 otia
1106 3581 1135 3641 ri
1148 3579 1250 3650 colias,
1258 3581 1372 3665 perr'ere
1387 3577 1447 3640 Cn·

134 3683 183 3748 ¹vel
196 3684 269 3746 haim
283 3705 375 3746 vana.
669 3720 671 3734 ν
814 3685 931 3769 pidt'nr's
944 3707 1039 3746 arens.
1060 3679 1109 3762 (S)

177 3789 374 3870 ‘molemque
393 3790 576 3874 amplexuum
591 3811 660 3850 anus
679 3803 761 3850 exta·
865 3791 1072 3852 ⁵Erratendoe
1093 3785 1228 3890 Venen's‘]
1261 3787 1371 3879 Quam.
1386 3787 1446 3846 Lu-

135 3889 197 3974 bet]
220 3889 326 3969 idest,
340 3893 491 3956 violentus
514 3905 546 3958 et
558 3892 669 3976 raptim
682 3891 762 3975 peti·
821 3892 931 3956 cretius
954 3893 1022 3958 Lib.
1036 3897 1080 3962 1v
1112 3917 1140 3958 r.
1167 3887 1226 3956 106
1256 3889 1445 3976 volgivagam

126 3987 196 4076 tua,
217 4009 254 4076 ut
267 4017 338 4060 mox
350 3999 487 4084 loquitur
508 4002 596 4064 Saxo.
617 3995 669 4077 (S)
823 4001 974 4066 Venerem
992 3998 1167 4085 appellarit.
1181 3997 1234 4088 Ι(δ)

139 4175 142 4180 ,
178 4105 365 4181 ³Pnblt'caitt
397 4121 440 4170 est
476 4103 588 4182 Venus]
621 4101 762 4168 Diffusus
864 4108 946 4172 8Ιτα
974 4135 994 4172 α
1015 4109 1159 4196 populari
1180 4106 1292 4191 prolem
1321 4097 1446 4184 regiam]

133 4334 163 4378 se
183 4317 290 4400 Venps
310 4315 373 4378 sive
389 4314 567 4380 concubitus
581 4316 662 4380 intra
679 4315 760 4378 linti-
820 4315 877 4380 sint
898 4315 979 4402 apud
1000 4320 1150 4382 Saxonem
1172 4326 1313 4396 nostrum
1336 4332 1446 4396 nequa·

137 4431 178 4482 tes
195 4419 366 4504 conjugalis
380 4420 490 4484 autoris
506 4420 692 4484 continebat.
708 4419 759 4499 (S)
820 4443 912 4505 qnam
924 4421 1084 4505 significat,
1105 4439 1196 4506 quem
1215 4430 1446 4510 conterraneum

136 4525 274 4592 Valerius
302 4527 447 4592 Maximus
473 4527 540 4590 Lib.
573 4530 615 4604 ll,
656 4525 691 4602 t,
722 4523 759 4587 5:
820 4527 916 4609 vulgo
931 4523 1045 4606 dicunt,
1058 4524 1277 4590 sedhominem
1293 4525 1447 4606 malgerum

136 4634 292 4696 Proximus
307 4658 327 4696 a
344 4637 445 4701 Lr'bero
459 4652 547 4722 patre
562 4639 761 4720 r'mtemperan»
823 4649 859 4691 ex
884 4629 985 4693 infima
1017 4631 1116 4716 plebis
1146 4643 1229 4696 sorte
1256 4642 1287 4694 tit
1318 4629 1447 4713 abjectas

139 4741 186 4800 tior
205 4741 320 4822 gradus
347 4745 390 4804 nd
412 4748 603 4806 inconcessam
625 4741 762 4802 Venerem
824 4734 1016 4802 conditionis.
1038 4735 1085 4819 (S)

141 4866 200 4905 esse
216 4853 368 4908 conaverit.
