3476 5460
382 293 458 366 424
713 293 889 365 tttstott.
904 291 1009 362 DAN.
1023 289 1161 362 BIBER
1177 289 1266 364 Vllb

332 502 431 578 ridor
454 518 697 578 monstrorum
721 527 867 602 greges,
891 505 1017 578 amasa
1044 513 1256 574 cunctomm
1277 499 1470 590 memoria,
1502 496 1632 572 sordida

333 652 477 726 semper
495 630 747 701 communione
764 624 978 725 degendum.
1039 625 1113 694 Nec
1127 623 1244 698 minus
1260 623 1428 696 ministris
1454 645 1577 695 eorum
1598 645 1634 694 ac

334 748 474 849 poculis
491 746 739 822 abstinendum
753 745 907 821 edocuit.
967 742 1172 818 Duodecim
1187 743 1252 818 fibi
1268 741 1513 820 Guthmundi¹
1535 767 1633 842 egre-

334 878 393 972 gia
411 871 531 944 indole
549 869 769 967 totidemque
784 869 867 944 filiae
882 868 1034 968 praeclui
1049 867 1186 940 sonna²
1198 867 1521 942 circumsteterant³
1539 889 1634 938 meu-

337 1019 404 1068 sas
467 997 634 1086 Quicum
654 1016 775 1090 regem
792 1017 813 1064 a
828 995 902 1068 suis
921 991 1092 1066 duntaxat
1113 989 1209 1064 illata
1236 987 1396 1062 delibare
1420 992 1634 1087 conspiceret,

336 1115 496 1190 beneficii
515 1114 699 1214 repulsam
715 1114 889 1210 objiciens
916 1115 1128 1212 injuriosum
1159 1102 1293 1210 hospiti
1308 1110 1537 1210 querebatur.
1575 1114 1634 1182 Nec

336 1238 523 1314 'llrorkillo
538 1255 745 1336 competens
762 1235 843 1308 facti
862 1243 1043 1312 excusatio
1056 1234 1180 1310 defuit.
1243 1236 1388 1334 Quippe
1411 1233 1551 1308 insolito
1565 1233 1634 1304 cibo

338 1378 476 1436 utentes
490 1360 706 1460 plerumque
729 1359 882 1459 graviter
900 1357 994 1431 allici
1011 1358 1126 1432 soler'e
1152 1371 1424 1445 commemorat,
1455 1380 1634 1454 regemque

337 1511 409 1557 non
425 1500 496 1556 tam
522 1482 624 1556 alieni
649 1481 813 1579 obsequii
847 1485 1024 1580 ingratum
1049 1505 1161 1579 quam
1182 1484 1341 1578 propriae
1368 1481 1546 1578 sospitatis
1566 1495 1634 1552 stu-

338 1605 482 1680 diosum
523 1621 690 1680 consveto
722 1627 822 1676 more
844 1627 978 1700 corpus
1002 1621 1185 1680 curantem
1201 1602 1401 1678 domesticis
1418 1601 1633 1674 coenamoh-

339 1733 448 1802 soniis
467 1729 680 1802 instruxisse.
723 1729 832 1824 Igitur
848 1723 1135 1827 haudquaquam
1157 1729 1376 1824 contemptui
1396 1725 1563 1824 imputati
1576 1723 1633 1797 de-

341 1849 448 1937 bere,
475 1847 576 1948 quod
600 1846 780 1947 fugiendae
807 1854 915 1945 pestis
939 1850 1085 1923 salutari
1116 1864 1298 1950 gereretur
1321 1847 1458 1922 affectu.
1520 1846 1632 1922 Videas

340 1989 458 2044 autem
475 1969 729 2044 Guthmundus
754 1987 948 2068 apparatus
973 1979 1027 2046 sui
1053 1971 1219 2047 fraudem
1243 1969 1427 2068 hospitum
1452 1969 1633 2070 furgalitate

340 2093 521 2187 delusam,
553 2119 635 2168 cum
650 2093 895 2168 abstinentiam
916 2093 1087 2168 hebetare
1109 2119 1181 2168 non
1198 2109 1336 2192 posset,
1367 2089 1570 2191 pudicitiam
1583 2092 1632 2164 la-

340 2215 731 2306 befactareconstituit,
757 2214 925 2290 omnibus
951 2219 1079 2316 ingenii
1107 2220 1227 2288 nervis
1244 2213 1291 2287 ad
1313 2213 1564 2288 debilitandam
1579 2239 1633 2286 eo-

340 2363 421 2410 ram
446 2344 716 2436 temperantiam
742 2337 889 2432 inhians,
960 2340 1050 2438 Regi
1065 2336 1256 2444 enimfiliac
1282 2341 1543 2413 matrimonium
1557 2335 1632 2410 offe-

341 2485 431 2552 rens,
447 2463 592 2555 caeteris,
606 2485 873 2560 quascunquee
889 2459 1061 2534 lamulitio
1076 2471 1246 2560 peterent,
1263 2460 1450 2558 patiendas
1465 2485 1541 2534 esse
1557 2485 1631 2559 pm·

342 2586 452 2658 mittit.
513 2583 698 2680 Plerisque
721 2609 797 2656 rem
820 2583 1126 2682 approbantibus,
1158 2581 1367 2656 Thorkiltus
1389 2582 1631 2684 huncquoque

344 2705 594 2779 illecebrarum
612 2704 768 2805 lapsum,
793 2707 884 2780 sicut
900 2722 935 2779 et
950 2723 1115 2800 caeteros,
1140 2705 1273 2780 salubri
1296 2707 1435 2779 monitu
1458 2709 1630 2805 praecanit,

342 2827 549 2902 industriam
567 2851 668 2900 suam
685 2830 775 2900 inter
791 2845 934 2900 cautum
948 2827 1126 2928 hospitem
1141 2855 1184 2904 ac
1198 2829 1320 2902 laetum
1337 2833 1525 2904 convivam
1537 2853 1629 2930 egre·

341 2955 399 3049 gia
418 2950 661 3023 moderatione
679 2953 839 3048 partitus.
893 2955 1055 3044 Quatuor
1067 2978 1087 3026 e
1101 2951 1391 3042 Danis,oblatum
1407 2952 1565 3051 amplexi,
1581 2975 1631 3025 sa·

343 3073 405 3146 luti
421 3072 606 3146 libidinem
622 3071 868 3170 praetulerunt.
927 3073 1034 3167 Quod
1059 3076 1260 3174 contagium
1276 3073 1482 3173 lymphatos
1502 3078 1630 3172 inopes-

343 3220 415 3292 que
439 3199 565 3268 mentis
592 3194 735 3269 effectos
759 3199 906 3294 pristina
931 3223 1049 3270 rerum
1073 3202 1245 3294 memoria
1265 3196 1441 3295 spoliavit.
1508 3199 1631 3294 Quippe

342 3333 425 3416 post
440 3316 477 3388 id
499 3318 632 3390 factum
650 3344 779 3416 parum
805 3321 924 3392 animo
949 3319 1144 3392 constitisse
1161 3317 1359 3392 traduntur.
1420 3322 1493 3413 Qui
1514 3321 1540 3392 si
1562 3323 1630 3391 mo-

342 3463 397 3512 res
412 3464 499 3514 suos
515 3444 604 3512 intra
620 3439 759 3516 debitos
775 3449 1015 3540 temperantiae
1040 3440 1129 3514 fines
1154 3445 1422 3534 confinuissent,
1457 3441 1629 3516 Herculeas

342 3568 543 3661 aequassent
575 3561 715 3652 titulos,
754 3564 954 3664 giganteam
985 3565 1103 3636 animo
1143 3562 1385 3637 fortitudinem
1416 3579 1629 3664 superassent,

341 3690 614 3782 perenniterque
634 3691 756 3783 patriae
785 3686 1013 3758 mirificarum
1038 3693 1158 3758 rerum
1191 3691 1344 3786 insignes
1366 3692 1551 3762 extitissent
1572 3711 1630 3758 au-

341 3824 465 3880 ctores.
533 3806 663 3882 Adhuc
690 3807 945 3883 Guthmundus
969 3811 1143 3906 propositi
1167 3813 1357 3906 pertinacia
1382 3809 1506 3882 dolum
1529 3814 1630 3880 inten-

342 3927 427 4002 dere
440 3953 685 4030 perseverane,
719 3929 929 4006 collaudatis
949 3929 1042 4004 horti
1069 3935 1123 4004 sui
1146 3929 1289 4026 deliciis,
1316 3958 1359 4006 co
1381 3959 1503 4035 regem
1525 3933 1629 4032 perci-

389 4235 567 4296 ¹Duadecim
582 4235 644 4318 filit
665 4232 859 4316 Garamanta]
874 4235 966 4298 'rott-
1024 4235 1146 4300 nobilis.
1193 4237 1357 4300 Martianus
1372 4237 1496 4323 Capella
1509 4234 1544 4296 de
1560 4240 1628 4314 nupt

340 4335 410 4400 dem
432 4339 564 4422 virgines
580 4362 655 4404 auro
682 4340 850 4425 fulgentes,
879 4347 966 4426 lage·
1026 4343 1107 4405 Phil.
1127 4341 1180 4405 lib.
1200 4347 1258 4427 lp.
1275 4343 1310 4405 2:
1332 4347 1405 4408 Cum
1427 4351 1502 4407 sister
1519 4337 1626 4421 deasste·
1657 4352 1664 4368 “

341 4441 437 4528 burga
468 4445 582 4510 scilicet
607 4445 668 4510 lilia
700 4445 872 4510 Gudmundi
898 4467 967 4510 cum
1026 4467 1090 4513 reat
1104 4475 1191 4514 sacra
1213 4452 1351 4534 cansngt'a
1366 4451 1572 4538 procreationes
1585 4465 1626 4501 nt·

341 4547 480 4612 undecim
496 4551 816 4638 comitibus,Helg0ni
833 4553 975 4626 'l'horeri
1024 4579 1154 4627 meroen,
1173 4558 1309 4640 liberique
1318 4561 1467 4644 praeclues.
1490 4553 1538 4632 (ὃ)

340 4651 404 4715 filio
419 4657 592 4738 apparuisse
606 4657 749 4722 dicuntur
764 4660 839 4740 (rid.
854 4662 965 4727 'l'hattr

341 4760 439 4842 Helge
453 4761 653 4826 'l'horissonar
665 4765 697 4826 in
711 4765 824 4845 initio.)
1071 4773 1082 4807 ³
1096 4761 1368 4844 circumsteterant]
1387 4761 1446 4828 Et.
1455 4787 1508 4848 pr.
1526 4766 1626 4826 caeses·

385 4868 659 4953 2ΡνιτσὶιιὶῙονηια]
679 4874 840 4953 Praecluis,
859 4874 889 4936 id
905 4888 961 4953 est,
1022 4881 1168 4940 steterant.
