3442 5456
634 331 825 404 Fucino
847 333 905 404 lit.
1296 333 1367 412 281

111 537 195 613 rilio
219 537 296 612 fuit.
354 537 491 614 Deinde
513 539 614 641 apud
637 544 846 642 Byzantium
874 543 1015 616 invictae
1037 541 1213 640 opinionis
1233 548 1422 645 gigamem

110 663 273 734 Tannum
291 664 445 754 nornine,
458 671 619 763 corporis
626 665 760 740 viribus
767 664 881 740 fictus
893 662 1123 739 colluctando
1135 662 1298 760 derecte,
1312 669 1422 766 ignos-
1528 705 1533 710 ·
1555 759 1562 774 ᾗ

111 797 241 882 ncqtte
255 799 433 858 imarum
446 803 566 884 portes
583 789 772 885 poscripti
788 785 892 862 titulo
910 801 1034 886 potere
1049 792 1177 887 coegit.
1209 789 1321 888 lgitur
1336 815 1421 864 com

109 903 212 979 nulla
225 904 379 980 fortunat
393 910 529 982 servitia
544 909 638 984 vires
656 911 737 1008 ejns
753 910 900 984 victorin
914 906 1083 984 fraudare
1096 914 1289 1008 potuisset,
1305 910 1422 986 Polo·

109 1029 182 1100 nite
193 1014 312 1128 partes
319 1051 512 1128 aggressae
525 1029 707 1124 athletam,
722 1039 949 1130 quemnostri
959 1033 1122 1122 Wasce2,
1138 1033 1319 1108 Teutones
1333 1059 1422 1108 vero

109 1147 256 1224 diverso
279 1147 460 1224 literarum
482 1149 665 1228 schemate
685 1151 817 1228 Wilzoe
840 1154 1059 1244 nominant³,
1084 1151 1196 1228 duelli
1231 1160 1422 1229 certamine

56 1264 59 1273 ’
110 1276 308 1371 superarit.

243 1397 381 1469 interea
395 1397 552 1472 Saxones
567 1395 800 1474 deiectionem
818 1397 938 1474 moliri
966 1395 1079 1498 idque
1095 1401 1246 1472 maxime
1267 1400 1305 1472 in
1336 1399 1420 1474 ani-

111 1539 174 1588 mo
203 1514 341 1590 babere
369 1535 570 1619 coeperunt,
587 1519 741 1621 qualiter
754 1522 926 1596 invictum
948 1520 1047 1596 hello
1074 1520 1294 1596 Frothonem
1320 1546 1421 1621 prae-

109 1654 168 1712 ter
191 1638 328 1740 publici
353 1642 540 1720 conflictus
562 1669 701 1718 morem
734 1649 989 1743 opprimerent.
1057 1641 1165 1737 Quod
1187 1644 1320 1744 opt'rne
1344 1641 1420 1720 dn·

110 1758 185 1834 ello
194 1761 392 1862 gerendum
406 1767 482 1859 rati,
497 1771 656 1860 mittunt,
665 1770 726 1865 qui
742 1771 864 1866 regem
874 1791 917 1842 er
923 1769 1179 1865 provocatione
1194 1765 1421 1856 lacesserent,

111 1887 366 1977 scientes‚eum
377 1884 566 1962 discrimen
589 1913 695 1962 omne
722 1905 891 1988 prompta
914 1913 1058 1988 semper
1079 1903 1198 1964 mente
1221 1886 1421 1985 complecti,

110 2007 293 2106 animique
312 2009 389 2107 ejus
404 2007 683 2111 magnitudinem
699 2009 787 2084 nulli
802 2033 950 2108 prorsus
976 2011 1208 2086 exhortationi
1227 2035 1421 2116 cessumm·

110 2131 228 2220 Quem
246 2145 333 2204 tunc
346 2138 515 2230 temporis
534 2135 688 2206 maxime
702 2130 937 2206 adoriendum
956 2133 1149 2231 putabant,
1177 2158 1260 2208 cum
1276 2135 1421 2208 sterm-

110 2247 274 2343 tltcrum,
296 2255 404 2352 cujus
415 2253 598 2355 plerisque
623 2253 853 2330 formidolosa
877 2257 986 2329 virtus
1014 2254 1174 2347 extabat,
1196 2257 1421 2356 negotiosum

109 2375 238 2450 abesse
251 2393 514 2478 cognoscerent.
573 2379 767 2452 Cunctante
782 2401 866 2450 vero
889 2375 1072 2450 Frothone
1097 2401 1212 2476 seque
1226 2403 1307 2450 cnm
1323 2381 1419 2452 ami·
1503 2451 1507 2462 .

107 2499 290 2600 cicsnper
303 2491 424 2574 dendo
438 2523 615 2600 responso
638 2499 905 2576 collocuturum
927 2495 1077 2588 dicente,
1092 2504 1302 2596 supervenit
1315 2501 1419 2574 Star-

109 2620 286 2716 catherue,
302 2623 448 2724 piratica
461 2625 535 2721 jaun
551 2647 754 2722 regressum
778 2627 841 2722 qni
862 2647 906 2696 ex
921 2618 991 2694 hec
1014 2622 1165 2694 marine
1184 2623 1421 2720 provocatio-

109 2743 167 2817 nis
179 2742 348 2818 habitum
361 2741 602 2843 reprehendit,
637 2742 737 2843 quod
752 2743 895 2835 diceret,
911 2743 1058 2842 regibus
1081 2767 1154 2816 non
1178 2747 1244 2818 nisi
1260 2745 1297 2816 in
1314 2768 1420 2818 com-

109 2887 217 2965 parcs
230 2891 329 2942 arma
348 2891 567 2964 congruere,
585 2863 796 2966 eademque
813 2865 1003 2938 adversum
1027 2863 1222 2965 populares
1246 2865 1420 2964 capienda

109 3013 185 3062 non
198 3013 294 3084 csse3
315 3013 383 3088 per
395 3014 554 3078 severo,
577 3003 748 3088 tanquam
764 2987 975 3062 obscuriore
999 2985 1080 3062 loco
1105 3004 1245 3081 nutum,
1259 3013 1420 3088 pugnam

107 3113 242 3186 metius
265 3109 579 3186 administrandam
602 3114 761 3188 existere.
831 3112 940 3210 lgitur
966 3113 1121 3184 Saxones
1148 3113 1319 3202 llornam,
1356 3119 1418 3212 qui

109 3232 212 3334 epod
234 3257 298 3310 eos
315 3237 490 3334 gymnicis
512 3233 640 3334 palmis
654 3233 868 3308 clarissimus
888 3230 1102 3325 habebatur,
1126 3233 1247 3308 multis
1261 3239 1420 3336 aggressi

108 3355 438 3456 pollicitationibus,
460 3359 492 3432 si
512 3357 634 3432 duello
656 3356 803 3458 operam
820 3355 1075 3448 commodaret,
1098 3356 1230 3430 molem
1257 3363 1420 3458 corporis

107 3482 190 3580 ejus
206 3503 295 3554 auro
309 3503 576 3578 rerepensnros
597 3503 673 3556 esse
689 3480 910 3579 promittunt,
922 3477 1150 3578 illectnmque
1165 3485 1317 3578 pecunia
1343 3507 1420 3582 pu-

153 3731 270 3826 lzdpud
289 3741 465 3822 Byzmtrirm
545 3741 677 3800 Terinam
792 3739 945 3818 miserant,
966 3749 1002 3802 nt
1023 3737 1046 3800 ii
1062 3739 1146 3802 'tenti
1161 3737 1267 3802 militie
1288 3739 1419 3826 imagine

107 3840 535 3924 dmanJAutornn-rationis
549 3840 734 3906 hauddubie
793 3868 810 3912 a
827 3845 911 3914 bello
925 3845 1132 3910 contionando
1149 3844 1385 3911 deterrerentur.

107 3947 147 4014 de
164 3948 431 4034 Comuntinopoli
446 3949 510 4012 sire
529 3945 733 4042 lllyltlegardia
838 3950 985 4034 ²Wascr]
1002 3953 1186 4016 Nomenti:
1205 3951 1360 4022 invenitor
1387 3949 1420 4012 io

107 4055 230 4118 locutos
251 4065 313 4132 cet,
342 4052 425 4138 quod
446 4075 557 4118 nornen
575 4056 674 4134 Saxo,
696 4065 732 4116 ut
791 4059 855 4124 ullo
870 4057 951 4122 libro
966 4058 1115 4124 lelandico
1131 4069 1246 4141 praeter
1261 4056 1419 4130 historiam

106 4157 320 4246 probabilitati
335 4157 487 4222 historice
504 4159 685 4237 consuleret,
699 4158 731 4220 in
791 4162 893 4226 fictam
925 4163 962 4226 de
994 4159 1235 4247 Gunugu-urolt
1259 4159 1418 4239 (Fornald.

105 4251 290 4348 tt'yunttum
303 4265 442 4328 mutarit.
483 4269 577 4328 thet
591 4265 731 4330 ultimum
788 4269 926 4354 sigini.
942 4271 982 4332 111
996 4293 1027 4354 p.
1041 4265 1188 4347 259)‚utt
1201 4265 1419 4351 gigasquidam

104 4369 297 4436 camarini
323 4369 506 4434 cartutule
533 4368 615 4435 hisce
641 4369 731 4438 rebar
791 4389 823 4439 et
836 4377 1010 4440 incantotor
1024 4373 1136 4436 dicitur
1150 4373 1419 4441 WarirolWaxi.

101 4475 213 4562 gestia,
233 4473 287 4538 ted
310 4476 434 4562 vestigia
455 4472 568 4544 inbuto
589 4476 732 4561 leguntur
836 4485 1000 4544 'Teutones
1019 4523 1042 4544 ..
1063 4481 1178 4542 Wilzcc
1194 4477 1358 4561 nommant]
1370 4483 1418 4544 Ex

103 4585 139 4646 in
159 4582 308 4646 chronico
333 4593 440 4648 noatro
463 4580 614 4665 rythmico
634 4579 732 4660 (Dtut-
789 4583 1418 4668 bacusertioncconjicerclicct,8txoncrn

104 4690 160 4754 the
171 4687 361 4754 Riirnltriinib
375 4709 404 4754 r.
423 4681 652 4768 1133-1144),
668 4705 730 4771 quo
788 4701 929 4756 contorte
946 4687 1269 4756 anditirrcSuronicor
1284 4713 1417 4776 pugnarn

106 4793 226 4858 scilicet
246 4806 324 4858 terte
346 4795 448 4860 Graeci
466 4798 731 4862 ttatnantstarct·
789 4795 976 4861 Starcatheri
1003 4817 1074 4862 cnm
1113 4796 1228 4864 athleta
1267 4798 1418 4862 Potonico

107 4899 192 4965 theri
207 4919 323 4966 eneam
343 4901 488 4966 Romania
510 4902 648 4968 hostibus
668 4901 730 4966 suis
791 4902 914 4970 wilare
931 4901 1014 4970 dicto
1028 4903 1230 4972 matutae
