3476 5460
614 354 909 432 stannaturae
1010 355 1033 408 '·
1294 353 1370 432 dli
1550 381 1560 416 ι

104 595 187 647 rum
209 569 380 646 distractu
404 569 715 669 putinacisanirut
706 559 1095 668 μιιιιιάιιὶιιιιιι.
1102 565 1210 662 Qu're
1234 593 1294 644 res
1315 567 1420 642 Seia·

102 719 234 770 rorum
257 693 433 794 obsequia
458 694 494 766 in
519 715 588 767 suo
611 705 705 766 autu
734 688 862 822 oculi
886 713 930 762 ao
951 687 1072 764 solida
1086 692 1310 858 subjectione
1324 715 1420 768 con

102 823 214 894 fistuli·
237 943 373 1012 luterea
376 941 464 1038 ,qui
483 959 526 1010 ex
542 957 670 1010 sorore
683 929 867 1010 landerici
883 935 983 1035 apud
994 937 1222 1012 ῦιιιιιιιὶιιιι
1239 943 1306 1012 orti
1321 937 1420 1014 edu-

101 1065 245 1162 catique
260 1061 417 1151 inerant,
443 1061 540 1134 avito
565 1060 709 1132 nomine
730 1057 808 1132 lreti
836 1064 871 1132 iu
896 1059 1116 1132 avunculum
1134 1078 1234 1132 arma
1258 1066 1421 1162 aucipi-

102 1199 178 1276 unt,
212 1207 318 1282 aeque
331 1183 402 1257 sibi
418 1204 568 1281 regnum
586 1197 694 1281 atque
711 1182 744 1253 ei
761 1177 886 1254 deberi
903 1195 1086 1254 certantes.
1153 1183 1317 1275 Quonam
1331 1207 1421 1259 mn·-

101 1310 257 1380 nitiones
271 1303 450 1404 rer-apud
467 1303 694 1377 Germaniam
720 1301 895 1378 machinis
919 1301 1122 1395 demolitus,
1146 1304 1292 1403 oppidis
1311 1331 1420 1382 sorn-

101 1429 274 1530 pluribus
298 1443 361 1500 aut
392 1426 549 1502 obsessis
587 1441 650 1500 aut
672 1427 800 1523 captis,
836 1423 1019 1498 nonnullis
1039 1430 1146 1499 edam
1160 1428 1240 1502 solo
1260 1433 1420 1529 equetii,

100 1557 325 1625 incruentam
340 1549 698 1644 adelresvictoriam
709 1549 915 1646 reportarit.
953 1547 957 1556 ’
977 1553 1177 1622 Occurrunt
1197 1549 1420 1652 Hellespon*

101 1677 173 1763 tici,
188 1673 299 1772 pactis
313 1691 473 1754 sororem
490 1675 623 1770 nuptiis
638 1663 839 1746 offerentes
893 1668 1035 1762 Quibus
1056 1668 1256 1764 celebratis,
1275 1699 1420 1750 rausum

101 1801 268 1872 Biooonis
286 1789 451 1866 instinctu
466 1793 693 1866 Germaniam
707 1808 845 1892 petens,
878 1794 991 1890 capua
1007 1789 1108 1865 bello
1123 1797 1270 1870 sororiis
1285 1795 1420 1897 laqueo

100 1913 265 2020 spiritum
279 1917 416 2014 eripme
426 1939 501 1988 nou
520 1913 705 1990 dubitarit
757 1915 950 2013 optimates
967 1937 1118 2013 quoque
1132 1923 1285 1994 convivii
1301 1921 1421 1996 situu-

101 2045 238 2118 latione
248 2054 450 2114 comractos
474 2035 604 2111 eodem
618 2034 783 2134 exemplo
800 2035 1063 2111 consumendos
1080 2042 1223 2114 curarit

236 2167 372 2237 lateres
388 2159 606 2255 Bmderus¹‚
630 2183 741 2258 quem
757 2156 844 2232 olirn
858 2183 920 2230 rex
936 2183 981 2232 ex
1004 2157 1075 2234 alio
1089 2160 1280 2236 sustulerat
1292 2166 1420 2240 mut·

100 2288 238 2378 monio,
260 2304 426 2360 carucae
440 2307 565 2357 curam
580 2281 629 2364 ab
643 2304 688 2354 eo
702 2295 907 2379 susceptam
923 2277 1038 2378 plenia
1051 2277 1420 2364 unumusembitt

100 2407 320 2485 'celebrabat
378 2410 497 2500 Quem
525 2403 640 2478 Bicco
658 2402 760 2501 apud
781 2417 918 2499 putrem
944 2403 1066 2476 incesti
1090 2407 1240 2482 οιιιιιίιι
1261 2431 1420 2484 menn..

100 2553 196 2624 tum,
218 2554 265 2605 ne
284 2528 376 2610 laiso
391 2526 615 2604 insimulasse
627 2525 819 2614 videraut,
844 2522 1124 2618 subornatorum
1141 2531 1341 2604 testimonio
1358 2537 1420 2604 in-

101 2667 250 2732 secutus
267 2669 329 2728 est.
382 2647 747 2750 eumquenroderus,
760 2651 995 2724 accusationis
1010 2649 1176 2748 partibus
1190 2651 1298 2749 plena
1312 2651 1419 2726 exhi-

100 2768 200 2866 bitis,
223 2774 437 2849 defensionis
458 2769 625 2872 praesidia
647 2769 774 2846 afferte
803 2795 876 2845 ncn
891 2787 1022 2870 posset,
1046 2789 1150 2871 pater
1167 2774 1218 2846 ub
1238 2777 1360 2850 amicis
1384 2777 1420 2850 iu

100 2900 308 2975 oenrictum
339 2895 422 2970 leni
450 2896 656 2969 senteutiam
682 2893 807 2995 jubet,
833 2900 951 2968 miuus
975 2895 1127 2994 impium
1141 2913 1242 2972 ratus
1263 2923 1419 2974 suen-

100 3021 191 3098 dam
212 3019 261 3094 de
284 3015 360 3093 lilio
388 3017 578 3094 vindictam
600 3015 717 3090 alieno
745 3015 856 3116 quarn
887 3018 1038 3116 proprio
1069 3017 1250 3118 delegare·
1271 3019 1420 3120 judicio.

100 3150 224 3239 Quem
237 3139 374 3216 ceteris
386 3143 649 3242 proscriptione
670 3138 820 3240 dignum
834 3138 1126 3232 decernentibus,
1151 3145 1258 3218 niaco
1280 3147 1419 3220 cirtio-

98 3293 182 3342 rem
196 3265 245 3340 de
264 3259 379 3363 capite
396 3265 477 3361 ejus
491 3267 706 3336 sententiam·
725 3262 821 3335 lerre
843 3285 916 3334 non
939 3267 1090 3354 veritus,
1119 3289 1140 3337 a
1163 3266 1289 3340 nefarii
1306 3271 1420 3368 stupri

99 3405 254 3464 auctore
267 3404 414 3488 poenam
429 3377 624 3486 suspendio
636 3383 848 3484 capiendam
865 3401 944 3458 esse
964 3389 1187 3482 pronunciat.
1243 3393 1359 3485 Quam
1374 3417 1421 3466 ue

97 3513 187 3614 quis
212 3527 394 3610 apatema
412 3506 617 3582 crudelitate
635 3507 855 3606 prolectam
851 3521 1014 3606 putaret,
1039 3507 1193 3586 eundem
1208 3511 1342 3614 laqueo
1357 3515 1422 3590 afa

96 3635 216 3710 fixum
234 3657 254 3705 a
269 3633 433 3706 ministris
448 3629 612 3730 subjecto
626 3653 742 3705 assere
752 3629 1002 3728 exctprendum
1010 3636 1225 3728 percensuit,
1238 3647 1306 3710 ut
1279 3663 1419 3737 ,mum

98 3757 139 3831 bi
155 3755 271 3830 fessas
285 3757 386 3828 orieri
403 3774 530 3830 manus
550 3753 825 3842 subducerent,
840 3752 991 3850 perinde
1015 3777 1058 3828 ac
1079 3756 1131 3828 rei
1149 3761 1368 3857 perempti
1352 3785 1421 3859 Ju-

97 3879 207 3954 renls
229 3877 564 3976 lorentregemque
584 3873 765 3978 parricidii
789 3875 938 3948 crimine
958 3897 1025 3949 sua
1047 3876 1158 3976 culpa
1185 3878 1342 3954 liberum
1356 3879 1420 3956 la-

101 4015 235 4075 cerent
294 3999 480 4092 Praeterea,
501 4003 567 4074 nisi
592 4025 702 4099 poena
722 4001 984 4086 accusationem
1007 4016 1236 4098 sequeretur,
1262 4014 1420 4100 paternis

97 4147 190 4198 eum
204 4121 308 4197 saluti
319 4120 565 4198 iusidiatnrum
583 4130 741 4197 astruxit
773 4123 978 4198 Adulteram
997 4141 1085 4195 vero
1099 4123 1325 4215 swavttdm,
1342 4149 1419 4224 quo

98 4249 249 4343 tut-pius
274 4269 296 4317 e
324 4246 397 4318 vita
422 4243 627 4337 excederet,
655 4245 840 4342 pecudum
860 4243 1007 4344 ungulis
1040 4244 1244 4341 proculcari
1275 4241 1420 4324 debere.

97 4371 231 4442 Paruit·
248 4371 391 4442 llicccni
413 4391 487 4459 res,
512 4366 751 4468 adactumque
771 4367 968 4468 suspendio
992 4363 1127 4457 lilium,
1145 4391 1196 4440 ne
1210 4369 1421 4467 anangulan'
1504 4359 1507 4366 ’

153 4685 237 4746 'roB
239 4681 325 4749 ἄειιιι
324 4675 338 4758 ]
367 4675 482 4758 lufelia
503 4678 555 4742 ille
571 4681 626 4743 Jar
627 4677 732 4740 marici
791 4691 842 4741 tur
863 4675 1016 4744 Raudrer.
1064 4679 1182 4742 Nomen
1200 4683 1244 4742 Βι
1246 4677 1331 4744 oderi
1350 4701 1421 4745 raro

104 4786 382 4850 sirrelcrumueci
409 4784 658 4869 regissrliiuus
627 4783 733 4846 mi·b
791 4804 884 4850 occur
848 4785 935 4848 urim
985 4782 1304 4874 lubiristoaNiainl
1259 4808 1356 4850 ιιιιιιο
1327 4787 1421 4850 rui-na

106 4893 204 4956 storia
236 4892 464 4976 Valsungctum
494 4911 559 4976 cap.
586 4883 628 4952 40
660 4889 733 4952 diic·
794 4903 845 4954 tur
859 4887 962 4955 ΒιοιῙι
946 4889 1028 4976 rirp
1003 4903 1077 4954 trata
1061 4913 1162 4976 acap.
1178 4893 1281 4957 CLVI
