3446 5458
666 341 868 424 tti'ttttctJS.
1296 355 1365 429 149

113 561 297 661 crapulam
311 563 567 655 ructabantur,
590 569 784 662 ingressus
807 580 1031 662 compactam
1056 589 1077 637 a
1101 583 1213 640 matre
1234 571 1416 659 cortinam,

112 711 192 784 quae
213 688 319 758 etiam
338 686 523 761 interiores
539 685 631 758 aulae
649 691 802 784 parietes
825 685 1045 780 obducebat,
1071 681 1229 763 rescissis
1244 689 1417 764 tenaculis

112 807 273 881 decidere
291 809 419 906 coegit.
481 811 597 902 Quam
620 809 849 883 stertentibus
874 813 1126 910 superjectam,
1155 811 1323 885 adhibitis
1346 817 1416 886 sti-

112 932 221 1028 pitum
238 929 517 1022 cacuminibus,
542 929 634 1002 adeo
648 931 880 1004 inextricabili
903 931 1083 1008 nodorum
1098 933 1246 1008 artificio
1260 931 1415 1034 colliga-

112 1059 165 1146 vit,
188 1069 227 1126 ut
241 1076 348 1126 nemo
373 1051 641 1152 subjectorum,
665 1059 805 1126 tametsi
827 1052 979 1128 validius
996 1053 1228 1148 adniteretur,
1256 1081 1415 1130 consur-

111 1175 212 1276 gendi
230 1174 394 1247 effectum
411 1180 551 1273 assequi
567 1189 700 1274 posset.
759 1173 936 1250 Posthac
953 1183 1053 1250 tectis
1065 1181 1185 1283 ignem
1200 1179 1324 1276 injicit,
1351 1179 1415 1276 qui
1471 1239 1473 1244 ,

111 1296 416 1373 crebrescentibus
439 1296 592 1371 flammis
608 1296 680 1370 late
702 1294 907 1370 incendium
936 1321 1110 1398 spargens
1145 1314 1236 1374 totos
1267 1297 1415 1374 involvit

112 1437 266 1520 penates,
283 1423 418 1523 regiam
435 1420 665 1518 consumpsit,
691 1443 889 1518 onmesque
911 1436 971 1494 aut
987 1419 1209 1520 profundum
1228 1436 1414 1520 carpentes

112 1570 273 1617 somnum
303 1559 364 1615 aut
386 1539 518 1614 frustra
537 1565 723 1640 assurgere
748 1559 918 1615 conantes
948 1545 1127 1616 cremavit.
1193 1539 1280 1616 Inde
1300 1543 1413 1641 petito

111 1667 285 1766 Fengonis
308 1663 489 1756 cubiculo,
512 1667 573 1764 qui
591 1667 691 1762 prius
719 1688 743 1736 a
761 1663 951 1740 comitibus
974 1669 1009 1736 in
1025 1664 1298 1740 tabernaculum
1321 1689 1413 1762 per·

111 1789 237 1863 ductus
254 1787 381 1876 luerat,
406 1785 564 1886 gladium
582 1785 674 1858 forte
689 1785 819 1858 lectulo
841 1785 1081 1861 cohaerentem
1097 1793 1257 1887 arripuit,
1279 1809 1411 1860 suum-

111 1937 178 2010 que
194 1913 275 2009 ejus
291 1908 375 1982 loco
394 1907 525 1982 defixit
569 1911 729 1982 Excitato
747 1908 877 1982 deinde
891 1925 1034 2009 patruo,
1050 1933 1219 2009 proceres
1238 1909 1317 2006 ejus
1329 1909 1412 2006 igne
1495 1986 1499 1996 ¹

110 2039 224 2134 perire
248 2029 385 2125 retulit;
406 2029 533 2106 adesse
555 2029 759 2106 Amletbum
783 2048 947 2107 veterum
970 2056 1149 2108 uncorum
1172 2055 1322 2106 suorum
1338 2051 1411 2127 ope

112 2159 325 2232 succinctum
350 2156 480 2252 etjam
506 2152 628 2228 debita
648 2169 807 2252 paternae
829 2153 942 2230 cladis
965 2154 1141 2254 supplicia
1165 2155 1306 2252 exigere
1329 2156 1412 2226 avi-

112 2279 204 2356 dum.
254 2274 311 2350 Ad
325 2273 419 2351 banc
435 2301 563 2352 uocem
579 2280 704 2376 Fengo
719 2274 852 2350 lectulo
866 2275 1044 2370 desiliens,
1060 2276 1147 2351 dum
1166 2279 1316 2374 proprio
1339 2270 1411 2348 de-

111 2403 220 2480 scotus
230 2396 350 2499 gladio
364 2400 608 2498 nequicquam
632 2399 789 2474 alienum
813 2395 1023 2498 distringere
1040 2412 1200 2490 conatur,
1225 2396 1411 2494 opprimi-

111 2543 170 2602 tur.
240 2525 383 2594 Fortem
405 2526 522 2595 virum
550 2539 760 2622 aternoque
782 2527 927 2596 nomine
952 2520 1117 2621 dignum,
1151 2525 1235 2618 qui,
1257 2517 1410 2592 stultitia

113 2661 309 2724 commento
322 2642 520 2742 prudenter
537 2649 744 2738 instructus,
766 2649 1007 2744 augustiorem
1022 2639 1162 2718 mortali
1181 2645 1321 2741 ingenio
1343 2661 1410 2712 sa-

112 2773 275 2870 pientiam
296 2763 496 2840 admirabili
514 2768 728 2866 iueptiarum
738 2765 967 2840 simulatione
984 2773 1194 2865 suppressit,
1207 2787 1274 2836 nec
1291 2759 1410 2836 solum

113 2895 265 2994 propriae
276 2887 401 2964 salutis
424 2889 613 2964 obtentum
628 2888 677 2963 ab
698 2893 824 2964 astutia
837 2905 1040 2982 mutuatus,
1068 2886 1115 2962 ad
1135 2903 1292 2987 paterno
1307 2907 1408 2983 quo-

113 3043 179 3116 quc
200 3015 343 3092 ultionis
367 3014 509 3111 copiam
532 3012 658 3086 eadem
686 3010 834 3086 ductum
858 3011 1043 3111 praebente
1063 3013 1234 3110 pervenit
1283 3011 1410 3105 ltaque

113 3159 145 3216 et
161 3165 203 3219 se
226 3137 375 3216 solerter
399 3150 529 3212 tutatus
546 3151 583 3210 et
597 3151 781 3234 parentem
799 3149 942 3208 strenue
956 3132 1052 3216 ultus
1084 3133 1209 3208 sortior
1231 3157 1276 3206 an
1305 3135 1408 3227 sapi-

113 3260 419 3340 mtiorcristmari
437 3256 579 3352 debeat,
593 3265 768 3332 incestum
784 3255 938 3356 reliquit.
1401 3341 1412 3402 1

585 3468 680 3588 Finis
704 3463 926 3540 libritertii1.

157 3697 255 3757 'Lt'dri
267 3701 350 3759 tertii
357 3691 445 3778 fiais]
465 3697 497 3756 ln
521 3692 576 3756 Ed.
601 3716 647 3778 pr.
662 3692 727 3754 bate
790 3687 946 3770 leguntur:
973 3693 1133 3776 Etplt'ct‘tus
1160 3711 1200 3752 cst
1230 3693 1299 3754 liber
1328 3697 1408 3754 terti·

788 3818 837 3855 us:
858 3797 961 3880 t'uct‘pt't
983 3813 1111 3879 qtturtus.

1658 719 1667 763 l
