3520 5462
269 351 273 360 '
369 323 421 406 80
536 334 540 341 ’
697 325 872 400 flts'rott
894 323 1000 398 DAN.
1025 323 1164 398 LIBER
1188 327 1228 400 tt

319 547 526 643 itegnmum
539 540 668 616 sverm
689 558 824 637 regem,
837 529 930 610 saiso
944 533 1159 634 proditionis
1180 531 1436 630 insimulatum,
1453 533 1553 612 bello
1577 535 1635 611 lc·

320 673 445 757 cessit,
473 686 548 737 nnn
571 660 726 736 sciorum
747 663 795 748 ri,
817 656 883 732 sed
903 671 1088 732 minorum
1111 656 1275 758 pondere
1299 673 1337 732 et
1361 661 1526 760 emporis
1541 677 1635 736 aestu

320 786 563 889 strangulatus
585 785 749 872 interiit1‚
765 777 941 870 Haldano,
960 783 1038 854 Roe
1053 797 1089 854 et
1103 782 1209 856 Scato
1223 779 1304 855 filiis
1317 779 1486 856 relictis2.

449 913 525 999 His,
549 909 681 984 virtute
699 900 861 1004 paribus,
887 923 994 1001 acqua
1007 901 1182 1003 regnandi
1193 905 1338 978 incessit
1351 902 1511 980 aviditas
1562 909 1636 980 Im-

320 1033 409 1137 pc'rii
427 1034 560 1131 cuique
586 1043 674 1104 cute
702 1027 830 1121 crtidt3
864 1023 1044 1100 fraternus
1067 1023 1207 1099 nullum
1228 1039 1415 1124 respectus
1438 1025 1635 1102 adstrinxit.

321 1164 438 1253 Quem
462 1157 557 1230 enim
576 1151 686 1224 nimia
710 1151 767 1226 sui
786 1155 913 1224 caritas
946 1155 1103 1248 ceperit,
1143 1145 1258 1220 aliena
1281 1147 1432 1241 deserit,
1476 1173 1544 1224 nec
1562 1151 1634 1226 sibi

321 1289 516 1382 quisquam
539 1273 726 1347 ambitiose
743 1287 856 1373 atque
870 1270 947 1346 aliis
976 1276 1089 1346 amice
1111 1269 1301 1345 consulere
1315 1287 1443 1372 potest.
1491 1275 1635 1346 Horum

321 1407 496 1478 maximus
516 1397 737 1488 Haldanus³‚
760 1397 838 1469 Roe
858 1410 896 1468 et
916 1395 1021 1468 Scato
1042 1393 1212 1468 fratribus
1229 1386 1433 1485 interfectis,
1466 1411 1634 1470 naturam

322 1525 458 1603 scelere
472 1521 616 1623 polluit,
629 1543 781 1619 regnum
797 1515 990 1616 parricidio
1009 1517 1163 1614 carpsit,
1196 1530 1293 1590 etue
1313 1515 1427 1591 ullum
1442 1518 1635 1594 erudelita-

321 1656 367 1726 tis
383 1643 590 1746 exemplum
607 1644 795 1730 omitteret,
819 1637 1103 1738 comprehensos
1119 1663 1246 1710 eorum
1261 1637 1419 1716 fautores
1438 1645 1541 1740 prius
1554 1646 1635 1717 vin·

323 1771 491 1848 culorum
517 1789 628 1867 poena
648 1769 822 1854 coercuit,
853 1787 938 1835 mox
957 1757 1153 1859 suspendio
1173 1766 1405 1859 consumpsit.
1458 1765 1574 1863 Cujus
1589 1789 1636 1839 ex

323 1921 369 1970 eo
391 1896 545 1967 maxime
565 1889 709 1962 fortuna
722 1881 943 1959 admirabilis
965 1883 1043 1975 init,
1069 1880 1278 1982 quodlicet
1291 1890 1413 1960 omnia
1426 1899 1636 1986 temporum

324 2028 507 2091 momenta
528 2009 577 2085 ad
599 2005 799 2083 exercenda
831 2007 1024 2082 atrocitatis
1053 2005 1169 2082 officia
1192 2005 1419 2100 constituet,
1450 2025 1635 2084 senectute

323 2145 445 2230 vitam,
459 2133 647 2220 nonferro
663 2129 803 2206 finierit.
908 2176 911 2184 ι

456 2259 575 2358 Hujus
588 2253 652 2329 filii
665 2256 744 2328 Rae
757 2268 794 2328 et
810 2251 927 2353 Heigo
942 2251 1054 2326 flucre.
1113 2253 1240 2324 ARoe
1257 2247 1463 2326 Roskildia⁴
1488 2250 1637 2327 condita

324 2397 564 2470 memoratur,
603 2401 716 2476 mam
737 2375 971 2476 postmodum
1001 2377 1136 2468 Saena,
1173 2372 1321 2446 furcata
1342 2373 1471 2449 barbae
1495 2398 1636 2476 cogno-

324 2521 447 2580 mento
462 2503 593 2594 clarus,
608 2499 750 2575 civibus
768 2503 883 2589 auxit,
908 2494 1142 2596 amplitudine
1163 2499 1391 2597 propagarit
1446 2500 1514 2572 Hic
1531 2499 1634 2573 brevi

327 2645 556 2730 angustoque
590 2647 745 2722 corpore
773 2619 850 2696 suit.
900 2619 1100 2722 Helgonem
1133 2615 1281 2693 habitus
1311 2623 1499 2717 procerior
1530 2625 1637 2721 oepit.

204 2785 207 2790 ·
328 2756 397 2846 Qui
416 2750 533 2825 diviso
549 2745 760 2824 cumfratre
776 2732 901 2842 regno,
916 2744 1025 2817 maris
1040 2745 1495 2842 possessionemsortitus⁶,
1510 2769 1638 2844 regem

326 2873 476 2949 Sclarioe
501 2869 666 2944 Scaloum
689 2867 873 2940 maritimis
895 2868 1009 2965 copiis
1034 2862 1238 2938 lacessitum
1261 2867 1451 2964 oppressit
1480 2871 1638 2964 aquam

326 3021 413 3071 cum
428 2999 466 3067 in
478 2993 704 3093 provinciam
718 2985 925 3087 redegisset,
932 2989 1052 3061 varios
1067 2983 1185 3086 pelagi
1199 3011 1363 3062 recessus
1376 3013 1473 3092 rago
1488 2993 1637 3094 naviga·

327 3119 435 3192 tionis
450 3137 583 3216 genere
595 3107 848 3212 perlustrabat,
887 3114 955 3184 Hic
969 3109 1052 3183 licet
1068 3109 1252 3186 ferocioris
1267 3112 1397 3212 ingenii
1414 3129 1517 3206 esset,
1534 3113 1639 3191 luxu·

327 3243 509 3315 riatamen
523 3235 695 3310 saevitiam
702 3231 882 3333 aequabat
910 3231 1012 3306 Adeo
1030 3231 1207 3331 siquidem
1220 3236 1408 3333 projectus
1416 3237 1638 3312 inveneram

328 3363 468 3452 exstitit,
477 3373 523 3432 ut
531 3357 711 3458 ambiguae
720 3357 985 3432 existimationis
997 3369 1101 3446 esset,
1110 3353 1298 3455 tyrannide
1313 3359 1428 3457 magis
1436 3383 1483 3432 an
1489 3356 1639 3436 libidine

328 3487 464 3558 ammit.
489 3479 599 3580 Apud
610 3477 763 3554 insulam
770 3476 893 3552 Thero
907 3479 1044 3592 virgine
1051 3472 1171 3549 Thora
1185 3493 1352 3576 stuprum
1366 3485 1441 3578 pati
1449 3484 1639 3575 emutati-

329 3604 414 3678 liam
422 3605 591 3702 suscepit,
599 3596 1231 3702 cuipoetmndumUrsoevocabulum
1241 3606 1386 3698 aptavit.
1403 3602 1640 3707 Hundingum
1742 3615 1743 3690 i

329 3729 489 3802 Sasoniae
504 3733 599 3825 regis
623 3726 734 3824 Syriai
758 3721 890 3814 fllium,
916 3719 1017 3820 apud
1030 3720 1192 3796 Stadium
1206 3721 1406 3838 oppidum?
1425 3725 1560 3825 proelio
1586 3735 1641 3805 ri·
1742 3693 1743 3780 i

329 3855 395 3942 cit,
420 3847 649 3947 eundemque
670 3871 715 3921 cx
734 3851 992 3947 provocatione
1005 3842 1155 3920 adortus
1175 3843 1299 3921 duello
1325 3853 1529 3946 prostravit.
1581 3851 1640 3927 oh

330 3971 434 4078 quod
460 3969 641 4070 Hundingi
667 3973 899 4068 interemptor
920 3981 1068 4043 vocatus
1108 3970 1268 4042 victoriae
1291 3967 1403 4046 decus
1425 3975 1640 4072 cognomine

377 4275 386 4309 ¹
400 4271 540 4358 Corporis
568 4284 640 4330 oestn
663 4269 868 4353 strangulatus
884 4271 957 4330 riute·
1059 4271 1113 4333 *Α
1123 4272 1185 4333 Rae
1202 4267 1366 4350 Roskddr'e]
1382 4269 1502 4335 Priscae
1516 4267 1555 4334 de
1573 4273 1641 4336 Ros
1742 4331 1743 4362 p

330 4373 394 4456 rr'it]
404 4377 453 4441 De
468 4373 640 4440 boemortis
648 4393 758 4460 genere
768 4369 828 4437 rid.
835 4371 956 4435 notul).
1012 4369 1192 4439 traditiones
1209 4373 1270 4440 rid.
1291 4376 1324 4438 in
1342 4389 1407 4441 not.
1428 4375 1480 4441 nb.
1742 4363 1743 4444 i

376 4486 485 4546 ²Fitits
511 4479 631 4562 relictui]
655 4484 704 4544 De
725 4478 785 4543 fide
811 4479 956 4543 historica
1059 4485 1181 4546 ‘Maris
1196 4487 1406 4568 possessionem
1427 4481 1564 4565 sortitus]
1593 4485 1641 4549 De

331 4605 442 4668 mum,
464 4609 534 4673 quta
556 4585 594 4650 de
609 4587 851 4672 regeFrothonc
871 4583 956 4650 fuere
1012 4585 1135 4672 regibus
1153 4586 1311 4650 maritimis
1331 4587 1393 4652 vid.
1414 4601 1479 4653 not
1499 4589 1549 4653 nh.
1742 4625 1743 4650 t

331 4692 443 4770 arum,
465 4691 526 4757 aa
546 4705 610 4758 noe
627 4693 712 4757 aaa.
1058 4695 1321 4782 srpuascaaam
1335 4693 1487 4784 oppam]
1501 4693 1564 4761 ua.
1578 4707 1641 4760 noe

288 4787 298 4798 ’
376 4797 570 4877 'Haidnnusl
591 4795 794 4862 nenatdmo
807 4793 876 4874 vide
891 4809 955 4860 not.
981 4839 983 4844 ,
1015 4796 1099 4862 ulter.
1742 4843 1743 4860 i

333 4901 417 4964 uber.
1742 4909 1743 4962 i
