3476 5460
406 309 482 386 466
743 307 1191 381 tttsrott.1)trt.t.1mttt
1210 307 1268 378 lX.

357 522 521 624 probum.
579 517 811 594 Laudabilior
826 521 923 592 enirn
941 533 995 594 est
1018 521 1099 611 vita,
1122 519 1228 616 cujus
1247 517 1384 592 initiunt
1398 532 1500 613 torpe
1509 519 1626 614 specio·

359 671 420 720 sus
443 643 522 716 finis
538 641 679 738 abripit,
702 665 813 739 quarn
830 643 934 739 cujus
947 638 1140 738 probabile
1155 637 1343 712 exordium
1358 644 1395 712 in
1408 637 1527 736 culpas
1544 638 1627 738 flegi-

359 775 480 866 tiaque
492 764 658 838 decurrit.
717 761 901 862 Siquidem
924 764 1050 836 Ericus
1072 759 1119 833 ad
1136 761 1311 836 solutares
1335 761 1490 860 Ansgarii
1503 764 1629 838 monitus

361 888 543 987 sacrilegae
557 889 682 958 mentis
705 907 826 956 errore
841 881 1014 982 deposito,
1039 881 1215 982 quicquid
1237 909 1305 982 per
1322 883 1480 982 ejusdem
1496 884 1628 958 imoim-

359 1013 444 1084 tiam
467 1009 708 1096 commiserat,
736 1007 910 1103 expiavit,
933 1019 1144 1104 tantumque
1167 1010 1204 1078 in
1224 1005 1419 1082 excolenda
1437 1005 1585 1104 religione
1599 1029 1629 1078 ae

359 1139 475 1234 gessit,
500 1145 673 1230 quantum
691 1143 811 1227 egerat
826 1129 861 1200 in
877 1126 1110 1224 aspernanda.
1162 1129 1286 1228 Itaque
1300 1155 1374 1202 non
1389 1127 1629 1204 solumsanior'a

360 1253 557 1352 disciplinae
572 1251 741 1324 baustum
750 1249 855 1324 docili
873 1251 990 1324 animo
1006 1254 1120 1339 traxit,
1130 1275 1256 1324 verum
1272 1255 1377 1324 etiarn
1384 1254 1628 1349 primaerasna·

361 1373 461 1450 culos
476 1373 573 1448 finali
592 1375 744 1471 puritate
758 1374 929 1470 pertersit.
996 1373 1062 1444 Hic
1077 1370 1191 1445 filium
1215 1374 1395 1446 Cunutum
1415 1399 1457 1447 ex
1479 1370 1628 1444 Guthomi

361 1495 452 1586 filu,
481 1495 681 1594 eademque
699 1491 846 1568 Haraldi
863 1509 988 1592 nepte,
1021 1496 1248 1594 progenitum
1269 1501 1491 1593 superstitem
1512 1498 1629 1568 moriens

360 1616 562 1714 dereliquit.

494 1739 609 1812 Huius
629 1737 772 1810 infantia
790 1752 971 1830 manente,
989 1740 1089 1835 regni
1101 1733 1307 1834 pupillique
1331 1753 1431 1812 tutor
1453 1744 1627 1838 exposo'tnr.

284 1879 288 1886 '
364 1866 495 1936 Verum
513 1862 683 1959 qnoniam
700 1857 853 1957 hujusce
869 1853 1028 1932 numeris
1049 1857 1323 1932 advocationem
1342 1875 1509 1957 praestare
1528 1859 1628 1959 piorit-

361 2009 436 2082 que
458 1981 516 2057 vel
540 1981 753 2056 invidiosum
772 1979 830 2056 vel
852 1967 1007 2054 arduum
1031 1979 1239 2072 videbatui,
1259 1986 1441 2056 sortitione
1464 1985 1565 2057 vimn
1581 1981 1629 2078 legi

363 2107 504 2206 placuit
552 2102 817 2178 Prudentissimi
832 2125 988 2200 namque
1005 2106 1204 2192 Dacorum,
1219 2107 1339 2176 intem
1356 2103 1532 2180 excellenti
1544 2127 1630 2202 nego-

362 2235 413 2302 tio
425 2227 609 2300 arbitrario
626 2225 767 2302 delectu
781 2231 831 2300 uti
840 2229 1138 2324 pertimescentes,
1152 2223 1237 2324 plus
1253 2225 1378 2300 alienae
1392 2227 1535 2302 fortune
1550 2249 1629 2326 quan

361 2355 437 2424 suis
451 2349 628 2422 senentis
643 2353 888 2447 permiserunt,
909 2346 1088 2422 electionis
1104 2363 1268 2422 eventum
1280 2349 1427 2424 fortuito
1442 2371 1630 2450 magsqnan

361 2469 481 2546 solido
500 2468 647 2544 consilio
665 2469 880 2568 delegantes.
940 2473 1023 2562 Quo
1044 2475 1170 2558 evenit,
1184 2485 1224 2544 ut
1244 2474 1484 2573 Ennignupns
1510 2469 1630 2572 quidam

364 2592 592 2691 amplissimo
607 2607 717 2691 atque
730 2593 962 2692 integerrime
977 2594 1125 2684 virtutis,
1141 2608 1214 2664 tam
1227 2617 1391 2670 oneroso
1410 2594 1565 2670 functioni
1577 2591 1629 2664 bu·
1693 2649 1694 2676 ,

305 2762 312 2777 ·
362 2739 483 2790 meros
500 2739 586 2790 suos
603 2712 813 2788 submittere
836 2729 1043 2814 cogeretur,
1067 2712 1319 2814 decretamque
1340 2735 1437 2792 sorte
1451 2717 1629 2792 aduinistn·

236 2850 239 2866 '
362 2840 491 2914 tione·
507 2842 697 2936 ingressus,
724 2861 798 2912 non
812 2837 931 2912 minus
947 2837 1196 2912 universomm
1211 2863 1270 2915 res
1285 2863 1399 2940 qnam
1413 2837 1630 2940 singularius·

363 3153 506 3238 gnomino
531 3157 625 3225 Bam,
646 3154 709 3215 sire
733 3156 845 3232 Puero,
871 3153 923 3238 qui
944 3163 989 3216 ta·
1049 3149 1153 3218 serunt
1174 3154 1350 3220 chronicon
1374 3155 1458 3220 Erici
1485 3167 1514 3218 et
1534 3149 1629 3216 Annales
1692 3187 1693 3198 κ

364 3278 434 3320 rnen
448 3279 510 3320 non
526 3279 602 3342 puer
620 3257 673 3320 sed
687 3257 848 3323 admodum
871 3259 989 3343 juvenis
1048 3261 1244 3323 Esromenses
1272 3259 1310 3326 de
1340 3263 1445 3326 multis
1464 3257 1629 3340 continuisque

363 3381 492 3447 regnum
508 3361 634 3446 adeptus
655 3377 717 3442 est,
746 3365 823 3427 bene
845 3364 989 3460 conseni-
1050 3367 1154 3445 maiis,
1186 3365 1295 3450 quibus
1314 3369 1424 3432 Ericns
1445 3371 1522 3432 Puer
1540 3359 1630 3430 christ

364 3481 420 3534 unt
440 3489 508 3531 curn
532 3468 603 3548 illis,
629 3492 698 3555 quaa
715 3472 857 3556 leguntur
877 3473 908 3534 in
925 3472 988 3534 rita
1049 3489 1123 3533 anos
1137 3470 1296 3536 afflixerit
1337 3473 1433 3538 iidem
1447 3469 1630 3564 raduntur

363 3574 505 3658 Ansgarii
524 3597 541 3638 a
559 3577 727 3640 Remberto
743 3577 865 3664 scripta.
914 3581 989 3640 Nar·
1048 3578 1175 3642 Ericmn
1190 3599 1270 3642 anno
1287 3577 1410 3643 demum
1423 3579 1566 3646 DCOCOE
1575 3593 1631 3636 ¹¹¹⁰*

364 3694 412 3744 rat
433 3682 485 3744 itta
516 3701 582 3764 cap.
609 3686 754 3762 xxvtn,
778 3682 924 3768 quosdam
954 3701 990 3744 ex
1049 3689 1136 3747 tunm
1165 3703 1237 3747 esse.
1293 3689 1440 3749 Attamen
1462 3679 1631 3772 poumtbot

363 3785 561 3872 optimatibus
583 3787 677 3852 Erico
698 3789 819 3852 Juniori
839 3790 872 3850 in
894 3788 989 3851 initiis
1049 3789 1272 3875 quodammodo
1299 3791 1456 3857 conciliari
1481 3811 1542 3854 unm
1558 3779 1631 3850 subit

362 3891 481 3978 imperii
501 3894 566 3973 ejus
587 3893 785 3978 persuasisse,
807 3905 843 3956 ut
863 3893 988 3956 ecclesia
1048 3895 1206 3960 Ramberti
1241 3897 1397 3983 sequendo
1431 3909 1554 3961 autorem
1583 3887 1632 3950 tit!

362 3999 489 4060 Slesvioi
508 3995 590 4062 facta
612 3999 820 4062 destrueretur
846 4011 877 4060 et
903 4017 987 4060 saura
1049 4003 1139 4068 Olari
1152 4003 1297 4088 Tryggvii
1320 4001 1495 4081 (Fornman,
1516 4001 1574 4081 stig·
1591 3991 1632 4054 rol.
1690 4069 1691 4076 ἵ

364 4103 406 4164 ibi
419 4117 528 4187 coepta
545 4104 776 4190 abrogarentur.
823 4101 882 4169 Sed
905 4124 984 4168 anno
1046 4111 1102 4192 tp.
1122 4105 1207 4188 108).
1243 4108 1358 4173 Scribit
1378 4110 1447 4188 iile,
1463 4127 1493 4170 se
1512 4101 1632 4170 auditittb

363 4208 503 4294 sequenti
526 4212 643 4273 animus
668 4213 748 4295 regis
772 4225 903 4275 mutatus
931 4223 985 4274 est.
1046 4235 1151 4298 regem
1180 4217 1334 4277 Harecum
1359 4215 1423 4280 sire
1456 4212 1565 4275 Ericen
1583 4207 1632 4285 post

362 4317 511 4378 autorem
540 4317 706 4394 severioris
730 4318 761 4378 in
799 4318 985 4381 Christianos
1044 4333 1175 4384 mortem
1210 4321 1352 4404 Ansgarii
1383 4320 1549 4402 religionen
1569 4303 1631 4372 Chri·

363 4423 522 4486 sententio
542 4421 633 4485 exilio
655 4422 830 4502 mulctavit,
853 4435 894 4500 et,
918 4443 985 4486 sta·
1044 4428 1171 4490 stianam
1202 4448 1305 4490 rursus
1334 4426 1503 4506 deseruisse.
1521 4431 1547 4482 et
1569 4407 1630 4476 breti

363 4523 453 4588 dente
467 4527 578 4591 comite
589 4527 778 4609 Burohardo,
788 4530 919 4613 legatum
933 4530 987 4592 mi·
1045 4543 1116 4616 post
1140 4546 1293 4596 mortuum
1312 4531 1414 4594 tuisse.
1434 4509 1631 4612 lt'eg‘hutnttriti

363 4631 403 4694 sit
418 4632 456 4694 sd
469 4635 660 4718 bragar-ium,
670 4655 791 4719 rogans,
806 4633 988 4700 utsacerdo-
1043 4635 1080 4699 ad
1096 4637 1215 4699 initium
1233 4639 1336 4700 seculi
1359 4627 1543 4700 decimihand
1557 4635 1631 4687 esun-

363 4745 426 4796 tem
440 4735 497 4799 sibi
517 4739 660 4803 mitteret.
728 4740 777 4804 ab
798 4741 889 4805 hacce
910 4744 988 4805 rela-
1045 4741 1077 4804 di
1085 4753 1252 4826 potest,ne
1267 4741 1384 4806 caeteris
1392 4742 1481 4806 Jutiae
1495 4729 1631 4818 regulbtst

316 4839 318 4842 ’
363 4840 447 4904 tione
468 4843 559 4926 longe
585 4843 701 4908 diversa
725 4857 815 4930 atque
841 4845 916 4912 falsa
940 4867 988 4912 re·
1046 4847 1390 4932 culononovitentibus
1406 4849 1488 4912 locus
1508 4835 1636 4922 eripiatur..
