3548 5470
347 313 394 384 το
692 312 1146 400 euronotuuees
1170 317 1209 385 u

454 525 560 594 Forte
572 535 710 594 remoto
729 545 870 620 segnes
886 519 1045 596 cessitiu
1060 547 1159 596 arua
1173 547 1293 624 pecus.
1344 568 1359 598 s

405 642 683 746 Cumquepctitu
696 643 856 745 diuspes
868 643 1012 742 deforet
1021 643 1235 720 rammandi
1232 700 1248 736 ,

457 769 606 840 Incessit
619 766 758 842 mseras
773 759 973 852 solbm'tudn
986 769 1068 842 reis.

405 893 559 992 Cumque
571 891 675 964 boum
690 914 871 991 nusquam
887 889 1045 990 vesagia
1061 906 1162 968 certo
1170 906 1356 994 peterem,

457 1013 615 1086 oouruu
627 1027 775 1086 masau
797 1011 920 1086 sautia
937 1013 1052 1090 cordo
1060 1039 1195 1116 perron

405 1135 503 1208 Hrizc
519 1151 586 1226 cst,
606 1134 704 1235 quod
723 1136 840 1236 virgae
850 1136 984 1212 vulnus
994 1139 1147 1238 panuh
1161 1140 1345 1212 wsutcs¹

453 1261 635 1330 Docimus
649 1257 689 1330 in
700 1257 870 1359 proprios
884 1257 984 1334 aute
994 1259 1113 1337 redire
1125 1262 1232 1336 lares.

407 1378 643 1472 Credidimus,
666 1407 779 1484 quum
788 1380 899 1480 ferre
914 1407 1065 1458 matun
1083 1406 1308 1484 pannusque
1324 1381 1453 1467 subere,

458 1505 580 1580 Tutius
595 1505 745 1576 maneas
762 1503 1098 1604 ubsaituissefoeit.

410 1627 473 1704 Sic
482 1651 638 1729 punam
648 1624 798 1722 defferre
806 1628 934 1728 juvet,
957 1627 1179 1729 reditumque
1188 1627 1328 1728 perosis

459 1757 544 1824 Huc
557 1748 738 1826 donunum
755 1750 1043 1849 latebrosullcre
1057 1775 1150 1826 euru
1163 1765 1294 1824 murt.

410 1877 578 1975 Hocope
591 1871 895 1974 negleca'peeoms
908 1871 1082 1948 vitabitur
1095 1873 1204 1962 ultor,
1243 1955 1245 1974 Ι
1416 1879 1419 1886 “

281 1977 287 1988 ’
460 1997 617 2098 Solaque
639 1994 1067 2097 statnostrisltaecfugo
1082 2011 1161 2070 atta
1175 1993 1256 2067 vtis.

438 2123 540 2194 Tunc
557 2117 751 2194 Svanhm'ta
770 2125 1074 2218 speciosissimum
1094 2117 1391 2195 linetimentorum
1413 2114 1493 2212 ejus
1508 2112 1615 2186 hubi.

308 2257 384 2313 tum
403 2243 588 2318 curiosiori
603 2239 902 2340 contemplatione
918 2243 1108 2320 lustratum
1125 2240 1321 2339 impensius
1336 2234 1520 2323 admirata,
1541 2235 1616 2308 Re·

308 2364 415 2462 gibus
429 2379 482 2454 te,
508 2364 641 2462 inquit,
674 2387 748 2438 non
763 2368 876 2440 servis
896 2364 1034 2440 editum
1058 2361 1278 2464 praeradisus
1301 2360 1478 2434 luminum
1492 2356 1615 2432 vibra·

223 2585 227 2591 Ι
309 2502 365 2561 tus
387 2485 577 2585 eloquitur.
626 2489 656 2558 F
657 2511 760 2560 orrea
773 2490 979 2587 prosapiam
993 2484 1154 2585 pandit2,
1168 2499 1203 2558 et
1218 2486 1256 2558 in
1273 2481 1463 2556 oculorum
1481 2481 1614 2553 miratu

308 2623 444 2684 naturae
459 2623 625 2682 venustas
642 2607 767 2682 elucet.
808 2612 945 2683 Acritas
963 2611 1061 2684 visus
1077 2623 1177 2682 ortus
1192 2605 1435 2680 excellentiam
1456 2602 1616 2703 praefert,

308 2757 376 2804 nce
398 2729 523 2804 humili
546 2730 630 2804 loeo
654 2746 778 2802 natum
799 2729 925 2829 liquet,
949 2755 1061 2830 quern
1081 2731 1274 2805 certissima
1291 2727 1486 2806 nobilitatis
1508 2720 1615 2798 index

309 2850 542 2954 pulchritudo
568 2849 803 2926 commendat.
863 2855 1027 2926 Exterior
1053 2851 1275 2960 pupillarum
1300 2849 1462 2924 alacritas
1488 2848 1616 2920 interni

309 2975 460 3075 fulgoris
478 2955 623 3074 genium
645 2973 842 3049 confitetur.
902 2977 1027 3050 Facies
1042 2974 1153 3048 fidem
1167 2979 1288 3074 generi
1310 2973 1394 3048 iecit
1411 2987 1445 3046 et
1460 2972 1497 3044 in
1511 2968 1615 3046 lucu·

310 3097 417 3172 leutia
436 3095 557 3172 vultus
573 3097 751 3194 majorum
768 3095 945 3172 claritudo
964 3103 1163 3196 respicitur.
1204 3099 1330 3195 Neque
1352 3099 1447 3170 enim
1463 3109 1537 3169 tum
1554 3117 1618 3168 co·

309 3223 378 3292 mis
402 3235 549 3316 tamque
570 3225 723 3318 ingenua
748 3227 886 3318 species
903 3220 951 3293 ab
970 3219 1120 3320 ignobili
1135 3221 1252 3318 potuit
1270 3231 1417 3292 auctore
1430 3213 1616 3317 profundi.

310 3341 496 3442 Sangvinis
512 3339 621 3415 decus
636 3356 790 3442 cognato
810 3340 966 3414 frontem
980 3339 1112 3415 decore
1129 3337 1314 3440 perfundit
1339 3355 1374 3411 et
1391 3347 1427 3414 in
1449 3343 1519 3414 oris
1534 3363 1619 3439 spe·

311 3462 395 3538 culo
411 3462 568 3538 conditio
588 3465 707 3538 nativa
721 3462 876 3538 resultat.
934 3466 1079 3536 Minime
1101 3489 1188 3562 ergo
1213 3479 1285 3535 tam
1300 3465 1450 3562 spectati
1465 3461 1622 3536 calami.

311 3588 366 3660 nis
381 3585 612 3660 simulacrum
630 3586 809 3662 obscurus
823 3587 943 3686 opifex
962 3586 1126 3660 absolvit.
1180 3589 1281 3658 Nunc
1296 3587 1418 3686 itaque
1432 3585 1620 3659 celerrima

312 3707 547 3783 declinatione
574 3709 722 3784 crebros
744 3712 811 3783 viae
831 3734 997 3784 excessus
1015 3725 1196 3808 petentes,
1222 3715 1485 3809 monstrigenos
1509 3715 1620 3788 vitate

311 3855 529 3921 concursus,
560 3855 606 3903 ne
630 3831 972 3930 elegantissimorum
994 3856 1189 3930 corporum
1211 3829 1337 3929 praeda
1367 3830 1621 3912 sordidissimis

312 3969 456 4054 pastum
474 3952 676 4052 agminibus
689 3952 890 4053 praebeatis.
1087 3970 1090 3977 “

359 4231 482 4314 'Virga
488 4231 592 4292 uulnus
594 4225 854 4316 poeuoleuerentes]
862 4231 934 4293 1²oe-
995 4243 1085 4289 morte
1095 4230 1210 4314 perr'ere
1222 4231 1352 4314 poeauli:
1368 4227 1421 4291 lib.
1434 4231 1520 4294 XIX:
1545 4235 1621 4293 olcus

314 4335 382 4396 nale
396 4333 516 4413 dicitur,
526 4331 739 4420 quodcumque
748 4354 849 4417 poenae
864 4336 933 4397 loco
993 4336 1123 4396 claustra
1132 4335 1264 4419 poerrulru
1275 4355 1499 4401 romanserunt.
1520 4335 1571 4416 (S)

314 4437 476 4524 infligitur,
504 4441 551 4504 vel
573 4460 635 4524 quo
659 4461 750 4524 poena
776 4439 935 4525 infligitur.
1040 4444 1171 4504 ²Forruu
1180 4439 1479 4529 prosapmmpnadit]
1502 4443 1623 4506 Dehas
1642 4447 1644 4454 ’

287 4592 294 4604 .
315 4545 402 4626 Saepe
419 4557 547 4630 utroque
560 4545 729 4632 significatu
750 4546 885 4630 reperire
899 4547 935 4606 li·
993 4544 1141 4608 sententia
1156 4544 1187 4606 in
1201 4545 1332 4632 antiquie
1347 4548 1551 4612 monumentis
1566 4547 1624 4612 bo·

317 4661 365 4712 cet
390 4651 470 4733 apud
503 4653 692 4716 Ammianum
717 4651 933 4716 Mareellinam.
996 4651 1125 4716 realibus
1139 4650 1250 4735 saepius
1270 4652 1361 4717 obvia
1379 4651 1438 4718 vid.
1453 4667 1515 4716 not.
1538 4652 1590 4716 ub.

317 4756 366 4820 Sic
392 4754 442 4816 lib.
468 4757 567 4820 xxii:
596 4763 730 4822 llctructe'
745 4763 796 4824 sub
816 4763 937 4832 trabealis
