3506 5458
370 349 444 420 500
724 347 1020 421 dissonum.
1038 347 1175 420 LIBER
1195 349 1238 424 Χ.

318 560 494 635 honorem
518 555 664 658 gerendi
690 557 894 659 pontificii¹,
922 563 1003 633 vitae
1036 575 1145 658 atque
1166 557 1341 657 operibus
1364 561 1438 634 suis
1462 581 1638 658 perquam

321 681 494 773 debitum,
520 683 731 780 impetravit.
791 681 928 756 Eodem
943 680 1051 756 officii
1073 687 1218 755 nomine
1234 685 1388 756 Henrico
1405 681 1637 771 Slesvicum2,

321 805 484 905 Lefdago
503 805 605 902 Ripae
627 822 828 900 cesserunt3
848 801 1082 878 Gerbrandus
1100 802 1318 878 lloskildiae³
1338 802 1474 878 claruit
1535 800 1635 876 Adeo

321 927 575 1028 religiosissimi
592 929 761 1026 principis
780 930 1001 1001 exactissima
1026 927 1193 1001 sanctitas
1215 925 1474 1000 Christianismi
1497 921 1635 999 cultum

320 1054 425 1127 novis
448 1047 651 1124 sacerdotiis
675 1053 788 1142 auxit,
833 1049 929 1123 cellis
958 1066 1067 1146 atque
1095 1051 1257 1124 sacrariis
1288 1049 1476 1124 decoravit
1537 1047 1637 1120 Prius

320 1179 415 1248 enim
433 1189 588 1272 quatuor
605 1171 684 1246 haec
701 1174 878 1273 religionis
896 1170 1074 1244 domicilia
1104 1174 1256 1245 externis
1274 1197 1462 1246 sacrorum
1476 1185 1639 1245 contenta

317 1291 534 1396 praesulibus
569 1295 848 1395 domesticosque
880 1292 1117 1393 praelationis⁴
1146 1297 1300 1393 expertia
1342 1295 1489 1368 lortuito
1523 1283 1636 1391 magis

320 1444 431 1518 quam
445 1415 563 1491 solido
582 1419 794 1517 pontificum
810 1418 934 1491 ordine
951 1414 1161 1488 nitebantur.
1225 1420 1299 1489 Nec
1323 1420 1441 1489 minus
1460 1418 1636 1513 Norvagia

320 1540 490 1616 Bernardi
517 1567 561 1614 ex
593 1541 720 1640 Anglia
747 1542 913 1638 profecti⁵
949 1537 1183 1614 saluberrima
1211 1537 1451 1612 admonitione
1476 1539 1637 1637 proiecit

320 1668 436 1765 Cujus
452 1670 529 1765 regi
547 1663 661 1737 Olavo
677 1679 773 1736 tanta
789 1661 1047 1737 sumendorum
1067 1663 1307 1760 auspiciorum
1325 1657 1635 1734 adnotandorum-

320 1816 394 1890 que
412 1795 574 1862 ominum
590 1811 675 1858 cura
692 1803 769 1858 acta
785 1783 882 1877 est⁶,
899 1801 938 1858 ut
955 1790 1061 1858 etiam
1088 1809 1264 1883 aquarum
1289 1809 1474 1858 sacrarum
1496 1783 1636 1882 liquore

319 2071 435 2124 rectam
464 2057 612 2144 epocham
641 2057 842 2142 assignamus,
874 2068 948 2119 astas
1056 2055 1288 2137 ‘Prolationid
1317 2061 1459 2122 Praelatio
1478 2053 1634 2139 scriptor-i·

320 2167 385 2250 ejas
409 2165 442 2227 in
474 2177 615 2249 tempora
642 2163 792 2248 hdeldagi
822 2163 948 2226 omuino
1009 2161 1065 2223 bus
1079 2161 1171 2224 medii
1195 2163 1253 2225 aevi
1277 2175 1323 2226 est
1344 2163 1475 2248 dignitas
1496 2160 1634 2226 ecclesia·

320 2271 435 2335 incidit.
1007 2269 1093 2349 stica,
1115 2268 1252 2355 inprimis
1266 2271 1468 2356 episcopatus.

366 2385 376 2418 ¹
403 2379 532 2461 Gerendi
559 2373 723 2466 ponticis]
750 2375 946 2440 Pontifieitun
1051 2381 1143 2442 ‘Nec
1170 2383 1265 2440 mnus
1297 2381 1451 2460 Nor-negiu
1488 2375 1633 2439 Barmrdt‘

318 2482 400 2548 idam
413 2496 459 2550 est
477 2502 512 2548 to
528 2480 723 2569 pontificatus
745 2485 809 2546 sive
831 2483 947 2568 episco-
1005 2487 1202 2550 admont’tione
1219 2480 1363 2575 profecit]
1387 2481 1537 2560 Certiora,
1565 2501 1630 2568 qun

318 2602 417 2675 patus.
1004 2591 1042 2654 de
1054 2589 1219 2656 Bernardis
1234 2601 1386 2667 constant,
1401 2607 1437 2652 ex
1449 2585 1567 2650 Adamo
1580 2605 1630 2672 pe·

365 2699 517 2759 ²Heurico
527 2691 697 2776 Slesoicum]
714 2689 772 2756 Ed·
788 2714 836 2778 pr·
848 2689 943 2754 habet
1001 2697 1094 2761 tenda
1109 2710 1191 2775 sunt,
1207 2708 1348 2759 narrante
1362 2693 1445 2776 (hist.
1460 2694 1568 2756 eccles.
1581 2689 1628 2753 lih.

318 2805 432 2866 Harico
453 2803 587 2865 Sestiacos
607 2826 684 2874 cum,
706 2800 829 2862 nomina
849 2797 945 2862 mani·
1004 2807 1031 2867 11
1050 2823 1117 2889 cap.
1141 2799 1214 2884 38),
1237 2803 1388 2865 Canutum
1413 2801 1557 2882 Magnum
1581 2795 1628 2858 ad-

318 2903 515 2970 lestoerrors
531 2905 662 2969 turbata.
1004 2908 1122 2972 duanae
1149 2907 1313 2992 eulogiis
1334 2907 1439 2992 plnres
1462 2905 1627 2989 episcopos,

362 3015 521 3097 'Iaesdago
537 3017 620 3100 liipoe
636 3057 660 3074 ..
676 3011 946 3075 Gerbrandasllos·
1004 3029 1084 3080 etex
1106 3017 1143 3078 iis
1162 3013 1353 3080 Bernartium
1378 3012 1410 3076 in
1434 3012 1543 3076 Scania
1560 3031 1629 3074 ston-

317 3116 426 3200 liidioe]
444 3123 513 3182 Hoc
541 3120 610 3182 loco
637 3122 749 3182 Noster
784 3113 946 3198 conjunxit
1003 3123 1137 3186 ,sisaim
1149 3123 1320 3206 praesulem,
1374 3117 1458 3182 Idem
1475 3139 1571 3204 pom
1584 3137 1628 3180 η.
1734 3148 1735 3169 r

317 3245 363 3303 ea,
385 3245 454 3309 qum
475 3223 533 3287 sibi
554 3222 593 3286 de
611 3222 823 3308 antiquissimis
836 3219 944 3284 Daniae
1003 3225 1067 3291 fert
1081 3227 1119 3292 de
1135 3228 1234 3292 Olavo
1247 3225 1387 3306 (Sancto,
1401 3246 1467 3309 cap.
1480 3222 1546 3304 39),
1560 3243 1627 3307 rege

318 3329 471 3416 episcopis
486 3329 691 3394 innotuerunt·
729 3329 880 3393 Dlsolmtts
893 3349 945 3389 att·
1003 3334 1182 3418 Nor-vegia,
1201 3353 1286 3413 eum,
1309 3351 1346 3395 εχ
1364 3331 1474 3416 Anglifl
1498 3335 1531 3392 ίῃ
1553 3333 1627 3394 Nm·-
1733 3341 1734 3344 ’

317 3428 430 3500 ῑοωέι
444 3434 562 3499 Adana
577 3433 947 3514 Bremeusilhistaeocles.
1002 3442 1122 3526 vegim
1142 3438 1334 3526 profectam,
1361 3455 1464 3500 mcum
1493 3436 1626 3500 habaina

317 3540 371 3604 llll.
392 3547 418 3605 ll
441 3563 508 3630 081).
535 3538 588 3623 16)
612 3542 693 3604 litter
720 3539 943 3626 antiquissimos
1002 3549 1106 3634 plus-03
1127 3548 1286 3632 episcopos
1302 3557 1333 3608 et
1355 3541 1561 3630 presbyteros,
1583 3541 1626 3603 in.

315 3649 347 3711 ln
366 3649 465 3712 Datila
489 3649 649 3734 episcopos
672 3661 763 3711 oelttle
791 3643 941 3744 Adeldsgl
1001 3668 1050 3719 ter
1083 3675 1135 3719 eoa
1172 3673 1244 3717 vero
1278 3651 1451 3713 inclaruisse
1480 3645 1626 3732 Sigel’red,

197 3782 204 3798 ·
316 3751 485 3834 ordinatos,
503 3774 633 3839 quorum
646 3773 684 3817 ex
697 3753 841 3837 opinione
860 3749 942 3814 Ada-
1002 3759 1151 3837 Grimlsil,
1179 3755 1301 3821 Rodnll‘
1330 3769 1362 3819 et
1389 3754 1546 3832 Bernard,
1576 3753 1625 3837 qui

315 3857 357 3922 ¹¹¹5
375 3859 460 3924 ⁸03⁴ss
475 3858 612 3924 umidum
626 3871 705 3924 ΟΜ
725 3870 824 3935 efflas
849 3855 942 3918 silim
1001 3865 1110 3931 deinde
1127 3865 1208 3948 jussu
1222 3864 1302 3950 regia
1316 3861 1354 3926 ad
1367 3861 1506 3928 Sveciam
1518 3873 1549 3924 et
1568 3861 1625 3923 Go-

313 3963 454 4052 Lial'dag,
470 3980 502 4030 et
515 3967 599 4030 inter
612 3987 682 4044 eos,
702 3964 755 4052 qui
779 3961 825 4024 his
840 3961 943 4045 proxi·
999 3973 1097 4038 thim
1114 3984 1298 4057 eamque
1315 3969 1428 4032 imi„
1438 3969 1627 4034 mmm.

313 4073 356 4136 ¹¹¹5
371 4071 658 4155 ⁰¹⁸²ll⁶fl¹¹hll⁰1lss
672 4066 943 4148 (⁸l'0E1'5011M5·
999 4081 1152 4143 manniam
1175 4074 1352 4140 accedentes
1381 4074 1520 4141 barbaris
1544 4099 1624 4141 sacra

311 4199 351 4244 ve
382 4177 577 4260 ilenricum);
598 4173 811 4242 Gerbt‘tntlum
836 4187 938 4237 tutem
999 4185 1168 4250 Christiana
1182 4180 1436 4246 annuntiaverint
1467 4183 1578 4248 lelandi
1593 4196 1623 4248 et

311 4283 445 4349 Adamas
458 4285 556 4348 multo
577 4285 673 4348 serius
694 4307 710 4346 a
734 4285 853 4346 Cannio
875 4284 939 4344 Ma·
999 4288 1114 4353 dehoc
1133 4300 1165 4352 et
1185 4286 1294 4352 deillo
1315 4288 1476 4353 Bernardo
1503 4291 1623 4354 omnino

311 4410 373 4476 gno
397 4389 551 4454 Selaadim
583 4390 761 4474 episcopum
791 4387 939 4450 constitu·
1000 4407 1113 4458 tacent.

310 4508 377 4559 tum
391 4493 484 4560 fuisse
500 4494 607 4560 scribit
620 4495 675 4574 (ib.
690 4495 742 4557 lib.
759 4497 859 4579 llcep.
874 4487 939 4573 38).
1044 4505 1140 4585 ⁶Iiegt'
1147 4501 1241 4564 otnso
1257 4516 1344 4564 tanta
1358 4505 1559 4566 sumendorum
1574 4527 1623 4565 aa·

311 4606 390 4669 Saxo
412 4603 506 4686 igitur
525 4602 558 4664 in
585 4601 667 4664 hisce
685 4601 878 4685 episcopatus
906 4597 938 4660 in
998 4613 1154 4696 spicarum
1186 4651 1209 4669 ..
1243 4631 1315 4670 cm
1346 4627 1415 4672 acta
1447 4607 1503 4686 est]
1537 4610 1623 4671 mrs-

308 4709 408 4772 Dania
429 4707 522 4772 initiis
550 4704 717 4780 afferendis
740 4704 937 4770 traditionem
997 4727 1049 4777 tur
1063 4733 1154 4792 sane,
1173 4714 1226 4798 qni
1247 4713 1406 4777 historiam
1425 4733 1528 4778 rernm
1546 4719 1621 4778 Nor·

310 4811 560 4891 eccledasticam,
577 4835 639 4878 non
655 4810 937 4877 autorinrsmads·
995 4818 1168 4904 reginarum
1198 4837 1235 4882 ex
1278 4820 1400 4905 scriptis
1438 4821 1620 4886 lslandorum

309 4917 352 4982 mi
369 4929 490 4982 secutus
505 4917 596 4983 fnisse
611 4918 741 4985 ridetur.
995 4924 1088 4990 habet
1102 4924 1267 5010 cognitam,
1292 4925 1448 5014 quomodo
1464 4929 1542 4994 Saxo
1557 4927 1619 4990 hac
