3446 5458
616 295 803 410 rnorno
829 339 883 410 ιιι
1276 342 1346 416 rot

95 558 241 618 transtra
255 542 424 618 ductibus
440 543 669 622 diluebantur
700 547 876 646 serosque
900 549 1113 648 eaequahut
1140 573 1259 637 nara,
1283 575 1398 649 quum

93 665 206 758 oudo,
219 667 361 765 navigia
377 667 644 766 propemodum
660 668 766 744 undis
783 685 925 767 aequata
951 677 1189 770 conspiciens,
1211 687 1397 770 recepm

94 786 281 862 immodice
297 786 430 862 fretum
452 795 567 866 urceis
582 795 680 890 egeri
705 793 847 890 juber.
912 797 1037 891 Itaque
1060 797 1210 868 nauticis
1227 793 1397 868 occiduas

93 915 218 1013 nauigii
248 926 367 1010 partes
392 911 441 983 ab
478 937 656 1011 aquarum
681 913 819 986 influxu
851 911 1046 990 defendere
1076 913 1396 1014 lrersevemntibus,

93 1040 288 1110 cornminus
305 1031 417 1108 hostis
432 1041 607 1133 apparuit.
657 1040 770 1136 'Igitur
786 1061 886 1108 arma
904 1038 1173 1134 capessentibus
1188 1045 1304 1114 acrior
1320 1042 1394 1112 in-

92 1159 245 1234 minebat
260 1181 403 1272 gurges.
453 1158 663 1232 Parentibus
680 1158 845 1256 praelium
860 1159 989 1234 errandi
1006 1183 1101 1258 opus
1121 1163 1250 1236 incidit
1308 1166 1393 1234 Eri*

92 1279 284 1354 cabellum
300 1277 418 1370 undae,
436 1305 510 1354 non
527 1303 624 1352 arma
639 1305 793 1378 gessere.
853 1281 1043 1378 Pugnabat
1058 1309 1127 1381 pro
1145 1307 1189 1356 eo
1211 1309 1321 1376 marc,
1336 1290 1393 1358 cui

92 1399 329 1503 ipsenocendi
354 1407 446 1476 vires
461 1401 673 1501 aditumque
699 1400 913 1500 praebuerat.
980 1407 1103 1504 itaquo
1127 1409 1263 1498 Ericus,
1281 1405 1393 1478 ductu

92 1527 221 1600 {alicius
240 1548 349 1621 quam
364 1523 460 1598 ferro
475 1548 573 1616 usus,
600 1523 732 1598 efficaci
751 1549 928 1622 aquarum
945 1551 1057 1624 opera
1077 1552 1239 1625 pugrram
1260 1525 1393 1600 absens

91 1672 210 1748 gerere
226 1643 437 1737 videbatur,
459 1669 481 1718 a
504 1647 636 1747 pelago
658 1645 869 1746 praesidium
893 1663 1084 1722 mutuatus.
1146 1651 1301 1725 Victoria
1327 1657 1391 1724 arti

92 1768 288 1842 contributa
301 1785 363 1842 cst.
423 1772 548 1866 Neque
564 1775 657 1843 eninr
673 1769 828 1843 otiosum
848 1767 952 1842 undis
967 1776 1149 1870 navigium
1165 1797 1296 1873 pugnae
1318 1797 1391 1871 pa-

91 1897 172 1966 tiens
187 1915 267 1964 esse
283 1907 432 1988 poterat.
484 1891 614 1964 Taliter
632 1890 783 1964 Oddone
798 1917 879 1964 curn
906 1893 1014 1966 sociis
1029 1896 1241 1992 interempto
1257 1897 1391 1993 captis-

92 2039 167 2113 que,
184 2014 248 2112 qui
267 2019 301 2085 in
320 2020 467 2090 statione
485 2029 595 2106 erant,
608 2015 785 2088 neminem
801 2013 911 2088 eladis
929 2017 1098 2090 nuncium
1115 2018 1269 2094 evasisse
1284 2043 1391 2092 eom-

91 2153 230 2233 pcrtum
248 2129 337 2208 est.v
1364 2135 1369 2144 '

214 2261 352 2352 Ericus,
373 2273 517 2357 peraeta
533 2262 606 2356 jam
628 2275 757 2358 strage,
774 2275 951 2333 maturato
970 2283 1131 2350 recessu,
1159 2264 1271 2336 Lessti
1285 2266 1389 2334 insu·-

93 2381 156 2452 iam
177 2379 287 2454 subit.
339 2383 408 2457 Ubi
423 2408 496 2454 non
511 2397 675 2480 reperto,
710 2405 785 2478 quo
808 2379 926 2452 samen
947 2379 1054 2452 lenire
1071 2399 1211 2479 posset,
1243 2381 1390 2458 duobus

92 2501 243 2600 praedam
270 2508 418 2605 navigiis
439 2504 589 2577 domum
614 2501 748 2602 dirigit,
771 2517 993 2574 commentus
1015 2503 1049 2572 in
1082 2529 1214 2576 antrum
1240 2503 1390 2575 aiterum

90 2625 255 2700 relaturis.
313 2629 394 2726 Ipse
416 2653 490 2699 uno
512 2625 682 2699 duntaxat
698 2621 853 2696 adeundi
871 2628 963 2724 regis
988 2629 1127 2724 copiam
1152 2632 1247 2726 petit.
1312 2631 1389 2699 Ac-

91 2774 184 2822 cessa
202 2754 323 2847 itaque
347 2746 535 2847 Sjelandia,
552 2749 790 2822 discurrentes
805 2771 872 2844 per
888 2745 1004 2819 littora
1017 2749 1144 2820 nautici
1161 2773 1272 2846 pecus
1290 2763 1388 2820 ster-

92 2899 170 2946 nere
185 2874 345 2972 aggressi
362 2877 478 2948 sunt².
536 2877 605 2944 Aut
619 2876 714 2942 enim
736 2868 887 2942 levanda
919 2875 1052 2942 esuries
1086 2888 1147 2944 aut
1167 2871 1262 2944 fame
1285 2871 1388 2967 peri-

91 2993 277 3068 clitandum
300 3015 385 3068 erut.
454 3001 624 3068 Armenta
646 3019 756 3084 coeso,
775 2991 907 3065 nudata
934 2993 967 3062 in
986 2997 1104 3064 nerim
1127 2993 1300 3068 cadavera
1316 2991 1387 3064 de·-

91 3121 201 3192 tractis
223 3122 412 3217 conjacere
441 3119 652 3218 tergoribus.
727 3115 834 3208 Quod
864 3141 977 3214 quum
1001 3141 1224 3212 possessores
1249 3117 1388 3215 peeoris

90 3244 348 3339 comperissent,
363 3241 475 3316 classe
489 3241 679 3341 praedones
694 3240 833 3338 insequi
846 3256 1095 3337 properarunt.
1167 3243 1331 3338 Cumque
1350 3265 1387 3312 se

89 3365 206 3438 Erieus
233 3365 279 3438 ab
302 3372 448 3439 armenti
474 3365 625 3438 dominis
646 3365 769 3464 impeti
803 3369 1045 3462 cognovisset,
1076 3385 1250 3435 caesarum
1274 3365 1385 3437 bourn

89 3511 236 3586 corpora
268 3489 411 3588 signatis
436 3487 582 3560 funibus
611 3485 750 3586 alligata
774 3487 943 3560 {luctibus
972 3484 1181 3558 occultanda
1220 3487 1386 3586 providit.

90 3609 231 3702 Deinde,
250 3613 281 3684 si
298 3610 388 3709 quid
405 3609 504 3710 apud
517 3636 555 3684 sc
575 3613 715 3708 quaesiti
730 3607 913 3684 cadaveris
939 3623 1040 3698 esset,
1055 3609 1387 3708 supervenientibus

89 3731 287 3830 Sjciandieis
316 3717 555 3832 [serlustrandi
577 3733 750 3806 licentiam
778 3733 916 3824 tribuit,
943 3733 1134 3824 affirmans,
1168 3731 1387 3806 occultandis

88 3855 192 3930 rebus
205 3875 375 3958 angustos
397 3863 542 3933 navium
555 3856 706 3956 angulos
721 3881 809 3929 csse.
859 3855 922 3947 llli,
941 3855 1115 3929 cadavere
1128 3883 1306 3956 nusquam
1323 3881 1386 3928 re-

89 3984 415 4079 perte,suspicione
439 3981 475 4053 in
501 3980 590 4054 alios
611 3978 739 4069 relata,
766 4005 847 4052 roos
875 3977 1008 4078 praedae
1030 3981 1205 4052 innocuos
1228 3979 1384 4051 arbitrati

88 4119 175 4176 serni.
225 4107 322 4178 Dum
348 4103 447 4176 nullu
472 4109 607 4202 rapinae
622 4105 766 4200 vestigia
783 4109 993 4202 patuissent,
1027 4103 1115 4177 aiios
1136 4103 1201 4176 sibi
1224 4106 1386 4174 nocuisse

135 4379 264 4440 'Fretum
286 4385 378 4442 urcer's
392 4376 572 4463 egerijudct]
599 4381 645 4442 De
658 4401 705 4437 ra·
764 4387 895 4438 ruentum
909 4387 1005 4438 essent
1024 4373 1197 4438 necessaria.
1217 4377 1307 4436 Hunc
1322 4391 1386 4432 rno-

88 4479 178 4560 tionc,
198 4504 256 4568 qua
275 4485 349 4548 olim
366 4503 456 4549 naves
471 4507 547 4568 aqna
561 4503 704 4547 exonera·
761 4499 827 4542 rem
847 4479 892 4556 (at
908 4480 1029 4562 haggia
1052 4477 1255 4562 strandhngg)
1280 4479 1386 4540 ilarai·

89 4585 183 4650 redut
196 4593 349 4668 Borealea,
368 4589 427 4654 rid.
441 4601 504 4653 not.
518 4589 601 4652 uber.
764 4583 818 4646 dus
839 4585 1068 4646 i’uichricornus
1096 4584 1182 4668 gravi
1209 4583 1265 4648 sub
1288 4603 1385 4668 poena

134 4695 243 4758 wem
260 4716 387 4760 mmm
403 4701 540 4780 aggressi
551 4693 633 4776 suar]
647 4697 702 4758 So·
763 4687 925 4752 interdixit.
940 4685 1022 4770 itit.
1044 4692 1124 4754 ttist.
1139 4709 1201 4774 reg.
1217 4693 1309 4754 Norv.
1327 4691 1386 4752 rot.

90 4794 137 4856 tiri
152 4813 231 4864 nent
246 4804 355 4888 punire
375 4803 422 4866 vei
439 4802 471 4864 in
485 4801 590 4864 littore
606 4798 702 4864 sanim
762 4798 774 4856 1
794 4817 822 4879 p.
841 4793 924 4872 iiiii.)

88 4919 126 4960 ea
143 4925 241 4990 rapere
263 4929 385 4993 pecora,
407 4905 545 4992 quaesibi
569 4905 607 4969 ad
620 4928 702 4970 conr·
