3548 5470
372 307 421 378 so
720 303 895 394 ursuon.
918 301 1024 374 nun.
1050 301 1188 376 ttsnn
1213 305 1236 374 1.

321 511 632 618 propitiandorum
648 517 835 588 omninum
859 517 972 611 gratia
1005 517 1079 588 nt
1095 515 1197 588 litto¹
1224 535 1302 586 rent
1331 507 1490 586 dirius·
1518 507 1638 586 furris

320 637 446 714 hostiis
460 636 578 710 fecie.
618 637 736 728 Quem
753 633 922 708 litationis
934 659 1074 710 morem
1086 659 1208 713 snnuo
1223 634 1396 708 serianum
1407 635 1558 709 circuitu
1575 657 1639 706 re·

321 764 472 861 petitum
497 763 650 858 posteris
673 754 885 830 imitandum
911 756 1065 856 reliquit.
1103 755 1288 832 Fmbtod³
1310 757 1470 831 Sveonos
1491 769 1638 830 vocant.

425 885 592 979 Cumque
616 879 709 956 sorte
732 882 926 979 ‘gigantum
949 877 1132 981 qsrendsm
1170 877 1400 956 Nitherorum
1420 879 1537 978 regis⁴
1561 879 1640 950 Ila·

321 1012 420 1108 quini
434 1001 545 1078 liliam
561 999 774 1103 Regnildnm
785 1018 931 1102 paetum
946 1000 1263 1095 animadverteret,
1280 999 1531 1101 indignamini
1548 1024 1639 1073 oon-

186 1221 188 1226 ·
322 1131 494 1204 ditionem
518 1149 690 1224 perosus,
720 1147 788 1222 per
811 1147 991 1199 summam
1014 1125 1145 1204 futurae
1179 1122 1324 1225 oopuloe
1364 1123 1640 1198 detestationem

323 1259 479 1353 ingenuo
512 1272 604 1322 ausu
638 1249 785 1345 nuptias
816 1255 1070 1344 praecucurrit,
1117 1253 1408 1348 Norvagismque
1438 1245 1640 1344 proiectus,

322 1393 396 1452 tam
410 1371 551 1448 soetlum
567 1374 676 1470 regiae
691 1373 837 1468 virginis
852 1385 1048 1444 amatorem
1062 1374 1170 1446 armis
1186 1376 1377 1471 oppressit.
1415 1368 1517 1444 adeo
1533 1393 1642 1442 nam·

310 1525 396 1600 ¹que
411 1504 577 1573 virtutem
594 1493 669 1566 otio
685 1489 854 1589 praetulit,
880 1507 930 1584 ut,
947 1517 1031 1566 curn
1046 1495 1154 1591 regiis
1168 1490 1305 1570 deliciis
1325 1491 1396 1566 srui
1417 1490 1551 1582 lineret,
1561 1515 1641 1564 non

323 1623 443 1700 solum
460 1639 561 1704 suas,
587 1607 713 1690 verum
731 1619 838 1688 etism
859 1615 995 1690 alienas
1008 1617 1158 1713 injurias
1180 1613 1397 1714 propulsare
1420 1619 1516 1688 omui
1534 1613 1643 1690 volu-

289 1745 296 1754 '
323 1761 422 1846 prate
437 1736 632 1841 jucundius
647 1735 807 1812 duceret.
844 1735 1040 1814 Annonem
1058 1738 1222 1815 beneficii
1238 1736 1362 1838 puella
1376 1735 1514 1812 crebris
1529 1733 1642 1812 obtu-

325 1893 406 1943 sum
425 1861 689 1951 vulneribus⁶‚·
704 1867 840 1960 ignara,
864 1859 1031 1936 medendi
1049 1867 1143 1950 oursf
1157 1865 1399 1960 prosequitur.
1451 1863 1566 1961 Cujus
1588 1886 1643 1934 ne

324 1991 485 2063 notitiam
498 1983 566 2060 sibi
583 1990 759 2083 temporis
778 1985 986 2082 interjectus
1004 1988 1170 2082 eriperet,
1196 2007 1280 2058 orus
1303 1985 1384 2082 ejus
1402 1983 1537 2058 annulo
1556 1982 1641 2058 vul·

324 2112 403 2200 neri
416 2106 554 2183 incluso
569 2105 802 2208 obsignatum
817 2105 971 2206 reliquit
1016 2104 1155 2180 Eadem
1169 2103 1405 2206 postmodum
1419 2127 1441 2178 n
1457 2122 1560 2205 patre
1573 2105 1644 2180 eli·

323 2231 432 2335 gendi
447 2231 563 2310 mariti
574 2229 740 2302 libertate
753 2225 897 2321 donata,
922 2245 1139 2308 contractam
1157 2231 1324 2304 convivio
1338 2230 1563 2328 juseututem
1576 2254 1646 2306 eu·

321 2360 478 2432 -riosiore
492 2375 690 2452 corporum
713 2357 956 2428 attrectatione
969 2352 1164 2443 lustrabat,
1195 2350 1362 2453 deposita
1383 2351 1571 2452 quondum
1584 2357 1648 2426 in-

326 2483 440 2580 signia
456 2481 681 2578 perquirens.
714 2476 849 2575 Spretis
862 2475 1044 2568 omuibus,
1068 2474 1275 2578 Hadiugum
1289 2475 1431 2551 latentis
1446 2475 1570 2549 annuli
1583 2481 1645 2550 in·

253 2837 255 2842 ·
380 2801 465 2861 *Fre
486 2789 564 2874 Deo]
581 2793 644 2857 nrt
665 2793 749 2854 neus
772 2809 810 2855 eo
831 2791 955 2856 nomine
1015 2795 1075 2856 blot
1086 2789 1221 2877 sanguis)
1242 2791 1394 2880 significat
1407 2790 1441 2872 1)
1456 2805 1588 2858 mucuns
1601 2790 1645 2876 2)

328 2919 477 2988 nusquam
490 2894 717 2983 spudlslsudos
735 2896 887 2977 occurrit,
901 2893 953 2960 sed
1014 2898 1150 2962 victimas
1166 2895 1335 2982 offerret)
1358 2897 1468 2963 colere.
1516 2901 1648 2963 Frnllod

329 3015 414 3070 ceris
439 3002 541 3066 nullus
569 3001 731 3082 tulissent,
755 3003 955 3092 qusmFreir
1013 3016 1060 3067 est
1087 3003 1183 3090 igitur
1222 3001 1256 3085 1)
1276 3003 1455 3069 sacrificinm
1481 3009 1550 3072 Deo
1577 3009 1646 3072 lus

328 3111 393 3174 sire
415 3103 611 3192 Yngraireir,
628 3126 706 3171 unns
723 3127 760 3170 ex
782 3107 839 3172 diis
859 3109 957 3194 majo·
1015 3109 1170 3188 oblatum,
1190 3107 1227 3191 2)
1239 3105 1351 3174 lostnm
1370 3109 1442 3174 hoio
1456 3115 1525 3175 Deo
1542 3129 1647 3177 uern-

328 3213 572 3300 rumpentium,
600 3211 653 3297 qui
680 3231 737 3300 per
763 3225 864 3278 totum
888 3216 958 3301 qui·
1015 3227 1098 3294 tum,
1121 3212 1377 3301 quomadmodum
1397 3220 1562 3292 Drinrllot,
1587 3223 1648 3284 A·

328 3321 400 3388 tm
420 3318 683 3406 aptatu-ionem,
717 3319 858 3406 inprimis
882 3341 959 3389 vero
1008 3323 1130 3409 sorllot
1145 3334 1217 3388 sunt
1230 3319 1310 3386 tota
1323 3319 1646 3402 Disis‚A1ttsssosss

329 3427 464 3513 Upsalise
480 3427 581 3488 cultus
595 3422 665 3490 fuit
1016 3431 1087 3498 Vox
1101 3427 1234 3493 Friiblot
1256 3428 1290 3492 in
1310 3427 1432 3514 scriptis
1453 3429 1647 3496 lalandornrn

375 3539 460 3597 ²rens
477 3534 606 3594 diuinam
622 3531 727 3617 surus}
744 3533 848 3594 hostiis
862 3531 958 3618 secie]
1018 3533 1240 3620 antiquioribus
1259 3533 1310 3599 vix
1337 3536 1490 3618 occurrit,
1520 3535 1573 3600 sed
1595 3536 1647 3602 fe·

330 3637 440 3704 rurus
452 3633 485 3700 it
502 3646 548 3699 est
563 3635 675 3721 nigris3
687 3637 811 3701 Festus:
830 3643 958 3702 Fur-uum
1017 3649 1109 3718 stum,
1122 3660 1184 3724 quo
1193 3637 1392 3703 Freiororem
1404 3661 1519 3708 meram
1534 3646 1647 3729 proci-

332 3745 442 3816 bowm,
465 3744 565 3814 idest,
579 3747 709 3824 neptum,
734 3767 815 3828 quem
829 3746 960 3808 immola·
1017 3763 1079 3829 pue
1110 3743 1267 3825 fecerunt,
1311 3743 1451 3810 duorum
1479 3755 1647 3816 oetrna'tta·

331 3853 403 3912 bam
424 3851 548 3911 Auerno.
597 3846 737 3916 Valerios
761 3849 907 3912 Maximus
919 3853 957 3930 11,
1018 3851 1086 3912 blot.
1149 3853 1197 3914 De
1219 3851 1277 3914 alia
1296 3851 1408 3916 luorum
1427 3851 1645 3920 socriiinitrum

331 3949 363 4032 4,
374 3950 413 4016 5:
436 3957 594 4040 precipue
610 3967 644 4013 ut
658 3953 700 4014 ad
712 3955 793 4016 Datis
806 3962 909 4040 patris
927 3973 958 4019 et
1018 3953 1137 4040 origine
1153 3977 1170 4018 t
1185 3957 1303 4020 Saxone
1318 3957 1373 4022 lib·
1395 3961 1437 4022 111
1450 3959 1541 4022 allata
1552 3961 1645 4044 plura

332 4061 516 4146 Proserpina
535 4081 619 4120 aram
633 4101 655 4118 ..
663 4061 767 4142 suruoe
785 4061 887 4123 lostioe
906 4067 959 4124 im·
1017 4057 1099 4123 infra
1115 4072 1186 4124 sunt
1202 4057 1370 4128 afferentia.
1436 4125 1444 4136 ,

332 4167 518 4228 molarentur.
544 4159 595 4242 (S)
1064 4170 1282 4232 ⁴Nr’tlserorum
1318 4166 1410 4255 regas]
1445 4169 1646 4236 Nithsromm

379 4263 541 4349 ’FrtblodJ
562 4267 734 4353 Stephanus
755 4271 859 4352 posuit
887 4278 960 4334 Fro-
1020 4293 1094 4359 gens
1112 4274 1226 4359 ignota.
1253 4279 1336 4339 Unus
1352 4273 1447 4338 codex
1470 4277 1646 4366 compendii

334 4377 411 4438 blotls
438 4373 523 4459 justa
546 4371 699 4436 scribendi
721 4393 838 4438 morem
865 4377 959 4440 lslan-
1020 4379 1197 4464 Gheysmeri
1209 4377 1302 4446 habet
1311 4383 1496 4445 Rutenorum.
1531 4383 1647 4472 Script.

334 4477 462 4558 dorum,
490 4479 545 4543 sed
571 4479 664 4545 editio
692 4481 836 4568 princeps
865 4481 959 4546 habet
1020 4505 1078 4548 rer.
1094 4489 1172 4549 Dan.
1185 4491 1213 4550 11
1228 4509 1259 4572 p.
1273 4485 1345 4550 292
1387 4485 1524 4550 Eandem
1538 4489 1648 4553 lectio·

335 4585 471 4656 Frublod,
495 4606 586 4669 quam
607 4589 779 4651 molliorem
796 4587 957 4671 pronunti·
1020 4612 1087 4654 nem
1105 4593 1301 4678 amplectitur
1315 4591 1414 4655 versio
1428 4595 1497 4656 Sax.
1511 4593 1648 4680 antiqua.

336 4684 407 4748 andi
422 4688 570 4752 rationem
583 4683 649 4776 ipse
668 4696 747 4757 Saxo
765 4692 844 4754 haud
866 4693 957 4756 dubie
1065 4699 1231 4760 ‘Obtusum
1243 4695 1420 4780 vulneribus]
1433 4701 1497 4762 Pro
1513 4703 1650 4767 obtusum

336 4805 455 4854 secutus
467 4807 521 4855 est.
542 4795 851 4881 utinamutinam
864 4801 960 4865 snbst.
1016 4801 1198 4886 stephanius
1214 4803 1320 4888 posuit
1335 4807 1467 4891 offusum.
