3446 5458
433 275 451 316 Ν

409 333 483 402 mo
766 325 940 398 ffls'ron
953 279 1058 398 nul.
1071 327 1210 398 nuum
1227 329 1267 400 ν.

360 537 421 612 liei
435 543 561 638 possit,
584 533 772 629 hausisset,
795 559 869 610 non
885 549 1073 612 contentus
1088 540 1120 608 ei
1136 533 1247 608 lilium
1261 539 1296 612 in
1311 539 1565 612 matrimonium
1576 535 1645 612 de.

358 659 467 754 disse,
488 657 719 734 Litbarlullti²
747 683 896 758 quoqne
910 661 1133 758 prouinciam
1165 655 1281 750 tradit,
1305 655 1517 732 beneficium
1535 655 1633 730 affini·-

360 785 420 856 tati
435 779 714 881 impartiendum
731 785 941 856 existimans.
993 783 1106 856 Crass
1120 805 1221 871 veno,
1246 805 1329 878 qum
1344 781 1449 854 Erico
1465 779 1513 853 ob
1528 785 1633 854 torm-

359 907 532 980 tstionum
547 902 728 982 solertium
744 905 1018 978 itineriscomes
1041 901 1176 978 adscita
1196 901 1329 994 luerat,
1354 901 1537 978 adversam
1557 927 1634 976 ocu-

359 1028 477 1102 torum
492 1025 731 1102 valetudinem
752 1025 934 1119 simulans,
958 1029 1007 1100 itu
1020 1024 1148 1100 faciem
1165 1024 1277 1125 peplo
1292 1023 1532 1115 obstrinxerat,
1555 1040 1634 1097 utne

358 1149 437 1226 sols
458 1147 605 1249 quidem
625 1148 868 1248 cognoscendi
894 1155 1017 1250 cupitis
1031 1147 1207 1248 particula
1228 1155 1455 1250 promineret
1509 1154 1633 1245 ttogau,

359 1295 527 1372 qussnsm
541 1287 644 1365 esset,
664 1275 843 1346 Gunvarae
859 1297 899 1348 ss
916 1295 1077 1348 sororem
1093 1270 1287 1370 perhibuit,
1311 1272 1439 1348 eadem
1453 1285 1567 1360 matre,
1586 1267 1633 1340 ds

358 1419 464 1472 verso
479 1419 565 1468 vero
581 1409 684 1492 putre
698 1399 933 1495 progenitam.

489 1521 535 1590 m
559 1515 620 1590 ubi
648 1521 686 1589 in
711 1520 833 1592 couri
856 1533 1004 1616 penates
1030 1532 1260 1617 perventum,
1309 1517 1484 1594 taedarum
1514 1511 1633 1588 Alvildc

358 1639 408 1734 (id
425 1637 507 1712 filim
524 1640 602 1736 ejus
626 1663 758 1712 nomen
778 1642 865 1737 emt)
889 1641 1091 1714 convivium
1111 1638 1310 1716 exhibetur.
1360 1642 1519 1716 Diversis
1533 1639 1634 1708 Ericnt

359 1789 404 1840 ac
433 1787 497 1836 rex
536 1758 676 1836 sedibus
706 1761 983 1856 accumbebant,
1025 1787 1179 1860 quarum
1206 1779 1299 1838 tects
1322 1753 1441 1862 paries
1463 1756 1634 1836 communis

359 1899 557 1984 exceperat.
608 1882 758 1984 Eaedem
768 1883 909 1958 deintus
927 1885 1127 1982 pensilibus
1142 1911 1209 1984 per
1223 1902 1337 1959 totum
1355 1883 1521 1960 obducta
1536 1878 1634 1954 uulsis

218 2015 225 2026 '
359 2021 468 2084 erent.
519 2003 660 2080 Assedit
685 2009 819 2084 Gotaro
846 2009 1035 2102 Gunvurs,
1073 2007 1138 2082 sed
1153 2012 1297 2081 Ericum
1319 2006 1528 2084 altrinsecus
1545 2007 1634 2076 eun

360 2155 443 2204 cum
460 2126 600 2204 Alvilds
622 2126 788 2226 stipabat.
850 2131 921 2223 Qui
943 2132 1034 2204 inter
1060 2130 1268 2230 jocandum,
1290 2128 1474 2206 subducto
1489 2131 1635 2204 sensime

359 2257 493 2350 pariete
510 2274 646 2342 assere,
671 2266 847 2348 quantum
861 2250 934 2326 loci
946 2251 1143 2328 humanum
1159 2278 1292 2353 corpus
1314 2259 1546 2360 transmittere
1562 2271 1634 2345 pos·

357 2391 421 2465 set,
445 2379 600 2473 spernit,
634 2377 839 2474 ignarisque
864 2378 1023 2452 convivis
1044 2381 1197 2476 spatium
1222 2377 1354 2450 mertui
1378 2378 1548 2474 pertimn‘
1562 2369 1634 2441 secli

357 2495 497 2572 Deinde
513 2519 702 2594 sponsum,
734 2521 781 2570 un
802 2487 975 2574 Fr'othoni
1001 2525 1110 2598 quam
1139 2499 1208 2574 sibi
1222 2497 1359 2588 nubere
1374 2497 1513 2590 mallet,
1537 2494 1634 2567 cutio·

358 2626 432 2696 sius
449 2624 650 2719 percontari
666 2621 757 2692 inter
771 2620 895 2720 epulus
911 2623 1030 2721 coepit,
1054 2625 1205 2698 mexime
1220 2647 1315 2715 cum,
1329 2620 1521 2696 observato
1535 2637 1634 2714 copt-

358 2744 476 2818 larum
498 2758 681 2840 respectu,
722 2747 820 2841 regia
841 2743 962 2842 proles
986 2759 1232 2819 consentanea
1258 2743 1453 2818 nobilitatis
1485 2735 1633 2836 amplexui

357 2865 548 2958 debeatur,
581 2868 749 2938 nennius
772 2867 968 2968 conjugum
1003 2865 1154 2967 dignitas
1187 2864 1332 2942 alterius
1361 2864 1564 2966 indignitate
1582 2855 1635 2930 de·

358 3003 490 3088 pereat.
538 2989 617 3079 Qus
631 3011 671 3060 se
684 2989 897 3062 inconcessis
913 3013 933 3060 c
949 3003 1053 3087 putre
1074 2989 1206 3087 nuptiis
1229 3014 1374 3064 usuram
1394 2999 1561 3088 negante,
1586 2999 1635 3050 rt·

355 3117 479 3210 ginarn
501 3132 581 3182 eum
612 3109 691 3184 lore
723 3125 942 3208 caeterasque
963 3111 1095 3209 opibus
1115 3135 1338 3186 excessuram
1357 3117 1579 3211 promittens,
1604 3121 1636 3170 ⁰¹

355 3246 582 3332 repugnente
598 3231 858 3331 obsequentem
875 3231 1001 3324 effecit,
1019 3260 1093 3308 non
1109 3241 1223 3310 minus
1240 3261 1352 3335 opum
1369 3259 1439 3334 spe
1454 3255 1560 3332 quam
1571 3224 1637 3326 glo·
1695 3285 1696 3322 ,

357 3356 413 3463 ria,
430 3369 582 3454 captum.
659 3359 809 3430 Crocum
839 3381 988 3456 quoque
1009 3357 1179 3432 traditum
1209 3373 1263 3430 est
1307 3353 1473 3430 exhibitus
1508 3351 1637 3454 potionis
1695 3327 1696 3369 ¹

357 3494 637 3577 temperamento
662 3478 848 3552 Frotbonis
864 3484 976 3554 amori
998 3482 1189 3580 virgineam
1208 3478 1370 3578 adegisse
1389 3477 1595 3579 cupidinem.

488 3605 532 3672 At
553 3603 705 3675 Getarus
734 3605 829 3676 Erici
852 3619 934 3702 post
963 3602 1089 3700 epulas
1123 3603 1326 3676 convivium
1357 3605 1465 3698 petit,
1496 3591 1638 3698 nupfisl'tt

356 3723 432 3821 joci
453 3720 629 3797 licentiam
660 3722 886 3798 adaucturus.
964 3727 1046 3817 Quo
1070 3741 1219 3798 exeunte
1242 3727 1434 3813 Gonvara,
1468 3723 1556 3796 siem
1577 3729 1637 3788 ante

355 3845 455 3942 jussa
471 3843 597 3936 fuerat,
622 3844 788 3920 subducti
808 3849 934 3920 asseris
949 3846 1033 3922 loco
1057 3849 1221 3946 pervium
1237 3863 1458 3946 transgressa
1480 3851 1637 3944 parietem,

245 4027 260 4048 ,.
355 3969 560 4065 proximum
573 3968 678 4040 Erico
700 3965 918 4040 discubitum
944 3986 1107 4068 occupat.
1178 3969 1243 4044 Cui
1271 3971 1424 4042 Gtitarus
1459 3991 1536 4041 eam
1563 3985 1637 4035 con-
1693 3951 1694 4037 l

356 4111 458 4164 sessu
479 4093 640 4188 junctum
662 4095 827 4184 minatus,
861 4091 1014 4192 qualiter
1037 4108 1208 4208 etnquare
1230 4117 1274 4166 eo
1290 4093 1437 4182 venerit,
1463 4085 1638 4191 percontari

402 4357 625 4446 'Lt'tltarfulkss
649 4365 718 4426 dum
744 4361 982 4428 observaverunt
1038 4361 1105 4426 cbis
1125 4361 1256 4426 llandsl.
1306 4363 1382 4426 Nam
1394 4363 1482 4449 fslki
1502 4371 1563 4424 erat
1579 4352 1638 4419 elin

355 4465 497 4530 Submius
518 4467 644 4546 (Critislt
660 4469 740 4532 Hist.
764 4467 801 4533 af
821 4473 899 4534 Dan.
920 4470 982 4534 rol.
1036 4469 1184 4553 Nortegis
1202 4467 1334 4554 vulgaris
1351 4467 1518 4554 appellatio
1534 4459 1637 4550 pretii·
1691 4515 1692 4518 ,

356 4573 397 4632 ΠΙ
419 4593 450 4654 p.
469 4561 526 4654 tt)
547 4584 578 4636 et
602 4573 824 4660 Sebinningius
848 4576 980 4660 (Norges
1035 4573 1153 4639 ciaevtd
1173 4587 1297 4640 trsctns·
1343 4578 1463 4640 Nomen
1488 4577 1577 4638 Litter
1593 4583 1638 4628 ste·
1691 4553 1692 4610 l

355 4674 437 4739 Hist.
459 4678 521 4742 tol.
543 4681 557 4741 1
581 4699 611 4764 p.
632 4671 709 4763 341)
728 4681 779 4744 bic
805 4679 890 4742 innni
915 4691 979 4744 trs·
1033 4681 1101 4767 pius
1114 4681 1249 4774 occnrpit
1261 4681 1293 4744 in
1315 4679 1442 4744 historia
1461 4697 1562 4764 regum
1574 4675 1636 4736 Not·
1691 4617 1692 4703 l

355 4791 441 4844 ctum
461 4783 621 4866 Norvegiae
634 4785 735 4849 Lister
748 4785 917 4866 dictum,in
933 4783 979 4847 di·
1035 4786 1217 4872 regicorum.
1257 4790 1364 4854 Litlor
1381 4787 1473 4851 'citur
1494 4795 1635 4870 perperim
1690 4807 1691 4846 t

356 4887 455 4952 occul
486 4886 777 4956 Christianssndenti
804 4902 836 4953 et
857 4905 977 4953 nomas·
1030 4892 1179 4978 scriptum
1191 4915 1251 4980 pro
1269 4899 1372 4958 Lister.
