3458 5454
648 331 902 406 HALDANUS.
1302 335 1375 408 327

100 541 306 618 mardos
325 563 423 632 esse,
451 541 585 640 quibus
617 539 859 615 veludunum
884 565 1019 641 carpus
1044 571 1065 616 a
1100 535 1226 618 natura
1251 545 1427 620 tributum

101 662 280 736 videatm.
333 668 447 766 Cujus
463 665 614 740 convicii
637 662 774 736 rubore
797 681 983 759 peroratus
1007 668 1213 758 Haldanus,
1237 693 1426 766 provoca·-

101 789 192 860 tioni
221 809 349 884 parere
366 792 495 887 eoepit,
525 803 597 862 tam
626 785 926 860 contumeliosum
956 789 1144 864 caelibatus
1170 791 1426 890 exprobratio·-

101 930 188 982 nun
204 913 355 1010 egregiis
370 913 508 986 virtutis
525 909 697 1008 operibus
717 925 942 1006 pensaturus.
1003 915 1171 1012 Cumque
1188 941 1255 1011 per
1273 937 1426 1011 opacam

101 1033 202 1106 lbrte
226 1037 385 1106 nemoris
407 1035 608 1132 indaginem
630 1032 861 1132 graderetur,
887 1033 1079 1106 haerentem
1106 1036 1223 1108 obiter
1252 1062 1425 1133 quercum

102 1159 220 1230 humo
234 1154 403 1228 radicitus
420 1160 529 1248 cruit,
553 1159 712 1255 solisque
739 1154 931 1250 spoliatam
953 1159 1060 1230 ramis
1087 1163 1121 1228 in
1141 1159 1294 1232 solidam
1313 1158 1425 1232 clavae

102 1283 263 1378 speciem
280 1279 551 1352 transformavit.
612 1285 694 1374 Quo
719 1281 916 1377 gestamine
931 1279 1043 1352 fretus
1064 1280 1121 1352 tali
1137 1307 1279 1354 carmen
1302 1282 1425 1354 brevi-

92 1399 177 1476 'tate
194 1404 397 1498 compegit:

287 1528 345 1594 En
359 1524 464 1611 rade,
477 1525 575 1623 qaod
585 1527 747 1624 gerimus
761 1523 897 1594 obmao
910 1525 1060 1613 ‘vertice
1075 1528 1220 1626 pandas

251 1676 254 1687 ·
354 1645 518 1717 Vulnera
531 1647 725 1719 aretina
742 1646 960 1745 carnemque
970 1647 1083 1742 seret.

186 1745 199 1770 ⁴
292 1767 365 1842 Sed
378 1791 492 1866 neque
494 1767 675 1866 frondosi
685 1785 877 1868 gestamen
892 1768 1031 1842 roboris
1045 1771 1154 1842 allam

353 1889 483 1964 Ona‘ae
500 1895 673 1965 &masos
687 1890 888 1964 tortian-e
899 1909 1047 1992 premet.

286 2013 418 2087 Aduo
436 2017 652 2088 canaru'naet
666 2015 941 2088 nodari-robora
961 2015 1057 2102 calli,

349 2143 398 2209 Et
407 2163 509 2210 aava
524 2139 697 2236 glrestm‘
710 2155 873 2236 tenapora
890 2137 982 2210 niolo
996 2152 1095 2210 terea
1187 2223 1190 2230 g

289 2261 409 2332 Clava
424 2261 568 2361 qta'dcm
587 2285 725 2332 soevum
735 2261 872 2360 patrica
887 2260 1070 2332 donst'tura
1078 2263 1252 2356 sororem
1312 2286 1317 2297 ·

351 2383 465 2455 Nulla
485 2382 607 2481 magis
623 2384 741 2457 siveris
758 2381 923 2452 em'tialis
939 2385 1007 2454 erit
1014 2411 1029 2470 ,·

287 2512 381 2579 Ossa
396 2507 554 2579 domam
569 2507 779 2603 lacerasque
795 2506 915 2576 airum
931 2505 1104 2578 amanda
1117 2529 1186 2604 per
1205 2519 1309 2574 artus

349 2631 468 2730 Impia
478 2637 665 2730 praerapto
679 2625 798 2729 sapz'te
816 2645 921 2726 terga
934 2644 1086 2728 prenset,

290 2757 474 2850 Cognatas
483 2772 661 2854 pressura
678 2751 791 2840 lares,
802 2751 941 2836 susara
956 2773 1118 2823 cruorem

231 2915 236 2924 ·
349 2873 463 2962 Ciris,
487 2891 522 2946 et
534 2875 573 2946 ira
584 2877 753 2974 patriam
764 2877 975 2976 perniciosa
993 2877 1078 2946 laos.

212 3001 294 3070 'His
311 2991 412 3070 dictis
427 2995 622 3095 Sytaldum
637 3021 720 3068 cum
735 3015 874 3094 septem
889 2998 970 3072 filiis
985 3011 1202 3082 attentatam,
1229 2992 1418 3062 acerrimas

96 3145 223 3194 eornm
238 3122 331 3194 vires
350 3123 476 3192 eximia
494 3119 606 3192 clavae
624 3119 720 3190 mole
740 3119 938 3210 frustratus,
956 3121 1060 3192 exitio
1074 3117 1227 3190 tradidit.

229 3245 280 3314 Ea
304 3257 510 3340 tempestate
535 3239 785 3314 Harthbenus¹
812 3241 971 3338 quidam,
995 3241 1043 3314 ab
1059 3241 1239 3338 Helsingia
1264 3239 1418 3332 replens,

95 3377 219 3462 raptas
251 3387 379 3462 regam
411 3363 503 3438 filias
532 3381 659 3462 stupro
676 3363 816 3436 soedarc
847 3362 970 3462 gloriae
998 3363 1081 3437 loco
1109 3363 1284 3450 ducebat,
1317 3359 1418 3430 illum

94 3491 275 3584 perimere
291 3485 429 3574 solitus,
454 3511 474 3558 a
492 3513 568 3584 quo
580 3487 799 3585 peragendae
816 3489 960 3560 Veneris
981 3511 1049 3559 usu
1066 3485 1339 3583 prohiberetur,
1368 3483 1417 3553 it-

94 3609 224 3682 lustres
241 3611 383 3706 nuptias
398 3607 595 3680 humilibus
610 3609 813 3707 praeterens,
838 3623 1013 3706 tantoque
1032 3633 1072 3681 se
1090 3607 1275 3680 clariorem
1291 3611 1417 3678 existi-

92 3745 210 3821 mans,
236 3745 375 3830 quanto
391 3729 652 3829 splendidiores
669 3733 883 3806 concubitus
899 3735 1052 3829 pervim
1070 3733 1212 3829 assequi
1236 3735 1417 3828 potuisset.

92 3855 169 3926 Nec
184 3851 358 3925 ultionem
376 3853 507 3954 elingit,
525 3856 589 3952 qui
604 3881 642 3926 se
656 3857 687 3924 ei
703 3856 971 3952 comparatione
991 3857 1126 3927 virtutis
1149 3877 1294 3951 aequare
1316 3879 1417 3949 prrae-

92 3985 263 4048 sumere't.
326 3977 438 4048 Tanta
456 4001 542 4051 vero
558 3985 718 4076 eorporis
737 3977 976 4076 magnitudino
993 3995 1087 4066 erat,
1123 3993 1162 4048 ut
1189 3999 1320 4047 rrovem
1346 3999 1417 4044 cn-

93 4097 177 4170 bitis
197 4100 414 4196 proceritatis
434 4102 510 4198 ejus
527 4081 697 4174 dimensio
716 4099 953 4174 tenderetur.
1003 4102 1096 4169 Huic
1117 4095 1309 4170 duodecim
1331 4094 1417 4166 athr-

93 4219 175 4296 letae
194 4221 468 4297 contubernales
486 4221 597 4315 fuere,
624 4223 759 4322 quibus
776 4221 894 4294 officio
910 4237 994 4312 erat,
1021 4225 1159 4318 quotics
1184 4217 1234 4290 illi
1252 4240 1416 4314 praesaga

106 4491 109 4498 ¹
140 4489 358 4569 manliana]
373 4495 490 4554 Nomen
507 4491 663 4554 llardlteln
678 4490 724 4552 ln·
786 4491 925 4550 dtirtensr'o
955 4487 1136 4572 tenderetur]
1169 4487 1301 4552 Videtur
1327 4497 1416 4546 sutor

91 4613 140 4662 ter
161 4600 308 4663 Bareales
334 4597 415 4661 haud
449 4598 632 4676 inauditum
662 4599 723 4663 rid.
783 4594 967 4655 narrationis
981 4597 1129 4680 cogitasse
1145 4593 1182 4656 de
1197 4597 1257 4678 Og,
1272 4611 1345 4676 rege
1357 4595 1416 4654 Ba-

90 4705 305 4791 Laxdaelasaga
318 4729 348 4790 p.
364 4701 436 4786 289,
457 4701 527 4768 981.
780 4701 870 4778 sanis,
886 4721 920 4763 cx
935 4703 1031 4787 stirpe
1048 4701 1212 4786 Gigantum
1229 4713 1311 4777 orto,
1329 4700 1415 4784 cujas

779 4805 888 4870 feretri
906 4805 1067 4892 longitudo
1084 4821 1150 4870 crat
1166 4825 1278 4876 novem
1296 4805 1413 4870 cubito-

138 4919 203 4981 ’ΠΙ
216 4943 315 4983 atatem
334 4922 437 4984 cebetis
451 4924 639 5006 proceritatis
654 4921 715 5000 ejas
778 4935 861 4992 tamt
876 4916 1044 4978 Deuteron.
1063 4913 1100 5005 3¹2
1117 4913 1164 4979 ll.
