3458 5454
463 265 1024 404 mmwsutmut’anu
1270 333 1345 406 aut

95 543 222 640 aieqsae
237 565 388 642 regnam
407 539 602 633 bamsmdo,
618 555 794 640 pausante
811 541 892 641 ejus
909 563 1046 632 aaron,
1061 540 1220 614 mutate
1270 546 1300 613 Α
1320 567 1399 640 qua
1441 617 1444 634 ,

95 663 229 740 obiada
249 665 318 738 sibi
341 669 499 740 viauia
528 666 702 764 pmmiia,
733 661 847 738 che
870 662 994 765 gloriae
1014 661 1216 738 mercedem
1235 663 1398 740 setim

95 787 199 880 dixit,
223 803 435 886 unumque
452 809 492 862 ec
515 787 552 860 in
572 784 803 886 mpodiaadia
829 784 1040 862 muneiboe
1063 786 1190 885 gessit,
1222 802 1398 885 quanm

95 917 273 1012 ega-etin
295 907 549 1010 pmnerendia
601 909 885 1003 Quofaetaaon
906 905 1399 984 minoremomnibneeaaa'-

94 1033 224 1106 nentina
251 1057 328 1110 mse
361 1056 472 1132 quam
502 1030 713 1108 torttndmis
728 1029 997 1106 admirationem
1018 1033 1182 1119 incussit,
1203 1031 1398 1106 clanutern

93 1177 144 1242 ae,
168 1179 242 1230 aaa
256 1157 441 1253 pecuniam
456 1180 499 1228 ex
516 1154 660 1228 viatoria
680 1169 934 1252 percepturum
952 1169 1105 1230 testatam
1180 1208 1185 1219 ·

228 1279 365 1352 Interea
377 1301 437 1350 rex
453 1277 634 1350 Sveonnm
649 1275 800 1349 Alverue
820 1275 971 1368 decedit,
987 1275 1114 1368 Oiaro,
1130 1269 1264 1376 lagona
1284 1293 1317 1350 et
1333 1281 1396 1350 in-

92 1395 206 1496 geldo
219 1397 301 1472 filiis
313 1397 479 1490 reiictie¹;
503 1423 660 1496 quornm
674 1401 773 1497 tngo,
793 1415 949 1498 paternae
971 1397 1183 1474 haereditatis
1201 1397 1309 1474 titulis
1324 1425 1399 1472 nan

93 1532 291 1612 contentos,
308 1519 513 1618 proferendi
528 1522 667 1620 imperii
683 1523 795 1620 gratia
812 1521 922 1596 Dania
936 1521 1071 1596 beilum
1084 1519 1280 1595 dmrmeiat
1313 1525 1397 1594 Cu-

92 1643 155 1742 jus
173 1659 338 1718 eventum
356 1643 513 1718 Haraido
528 1641 681 1718 oeacubs
698 1639 883 1740 explorare
900 1645 1054 1742 capienti
1072 1669 1180 1720 senex
1205 1645 1399 1742 praecipuae

94 1765 347 1865 magnitudinis
371 1765 436 1840 sed
455 1765 572 1842 orbus
593 1764 701 1840 oculo
721 1763 853 1840 ebrius
876 1769 1017 1858 extitit²‚
1043 1771 1105 1864 qai
1127 1765 1271 1864 hispido
1292 1767 1399 1840 etiarn
1527 1823 1532 1828 .

92 1887 247 1962 amienio
270 1890 525 1980 ebcuraectaa,
548 1886 716 1962 Munatii
738 1911 778 1962 ee
808 1885 878 1960 dici
906 1887 1161 1989 bellorumque
1181 1912 1248 1964 usu
1269 1887 1398 1964 wilere

92 2025 253 2102 umens,
275 2009 500 2085 utilissimum
514 2015 544 2082 ei
561 2009 779 2086 centuriandi
797 2013 834 2083 in
855 2013 931 2086 acie
953 2013 1128 2086 exercitae
1141 2011 1400 2086 docmnentum

91 2138 260 2232 porrexit.
306 2135 544 2234 iussitigitnr,
560 2149 599 2206 ut
615 2133 841 2208 terrestribus
855 2132 991 2208 bellum
1010 2139 1123 2234 copiis
1137 2133 1398 2210 editurasnai-
1527 2219 1529 2228 ¹

93 2279 234 2330 versam
253 2258 387 2330 aciem³
407 2261 442 2328 in
465 2271 535 2330 trea
555 2271 692 2328 turmae
720 2253 909 2349 divideret,
933 2279 1087 2354 quaram
1105 2281 1399 2358 unamquamque

91 2379 257 2452 vicenarii
268 2379 406 2452 ratione
421 2375 621 2470 densaret⁴,
645 2375 795 2450 medtnn
814 2401 900 2452 vero
917 2380 1038 2477 viginti
1060 2383 1220 2454 virorum
1246 2407 1398 2456 numero

91 2499 241 2599 reliquie
255 2504 506 2600 porrectionem
520 2498 742 2591 extenderet,
767 2524 877 2598 quam
904 2501 1007 2572 etiam
1028 2503 1064 2572 in
1087 2503 1168 2574 coni
1187 2504 1263 2578 aiv'e
1277 2528 1396 2602 pyra-

92 2619 199 2696 midia
218 2647 369 2696 acumen
385 2623 570 2724 digerens,
607 2621 744 2696 alarum
764 2645 925 2697 recesaua
942 2625 1212 2722 utrinquesecus
1238 2622 1398 2698 discretis

90 2743 309 2846 ambagibus
332 2745 567 2846 obliquaret⁵.
628 2745 826 2844 Cujuslibet
841 2727 927 2822 vero
948 2761 1073 2820 turmae
1088 2748 1215 2822 scriem
1240 2745 1309 2823 bac
1332 2771 1396 2820 ra-

138 3005 286 3066 'Alacres
294 3003 419 3076 decedit,
435 3005 542 3076 oum,
562 3008 674 3087 lugam
685 2975 724 3066 et·
775 3025 824 3066 ras
848 3017 961 3066 tarmes
989 3005 1105 3068 ratione
1135 3023 1199 3067 esee
1217 3003 1397 3080 ordinatam,

89 3111 217 3194 ingeldo
225 3113 304 3194 filiis
326 3105 447 3190 reb'etis]
470 3113 519 3172 De
534 3107 580 3170 bis
595 3108 716 3193 regibus
774 3109 817 3172 ita
839 3123 873 3172 ut
899 3109 1013 3195 primas
1045 3121 1152 3174 taeniae
1181 3107 1258 3174 ordo
1278 3108 1399 3172 dnobus

88 3218 244 3280 Saeooam
259 3213 334 3278 nibil
350 3213 439 3277 nobie
450 3213 592 3278 innotuit.
775 3213 865 3280 modo
880 3214 1027 3278 militibus
1040 3227 1203 3293 coartaret,
1220 3213 1330 3300 singuli
1345 3233 1398 3278 ve·

134 3321 261 3383 'Orbas
282 3322 364 3382 oculo
382 3321 481 3384 ciuus
499 3317 628 3400 exerciti]
651 3319 714 3384 Sub
772 3343 809 3385 ro
822 3320 1010 3407 aequemium
1026 3321 1166 3386 ordinum
1188 3321 1275 3384 unius
1299 3319 1398 3384 acceu-

89 3423 198 3490 eadera
221 3423 321 3510 specie
343 3424 474 3490 Otbinus
495 3423 638 3511 Hadingo
662 3449 715 3512 ap-
769 3428 854 3492 aione
869 3440 1057 3506 crescerent,
1087 3429 1158 3492 binc
1177 3428 1313 3513 sequitur
1335 3447 1399 3491 me·

88 3531 227 3616 paruisse
243 3529 370 3612 dicitur3
392 3529 450 3594 rid.
464 3551 556 3616 supra
575 3532 628 3594 lib.
651 3535 664 3595 i
682 3555 713 3618 p.
745 3583 749 3590 r
772 3533 851 3597 diam
871 3547 1003 3597 turmam
1020 3535 1153 3620 quinque
1168 3548 1199 3599 et
1220 3533 1328 3620 viginti
1347 3555 1397 3597 or·

86 3635 130 3702 40
145 3647 180 3702 et
191 3649 255 3701 not
267 3638 343 3701 nber
354 3635 392 3700 ad
407 3637 436 3700 it.
456 3639 474 3700 t
773 3639 893 3704 dinibus
907 3640 1087 3704 constitisse.

133 3741 714 3828 ¹Unebcrsmoeer‘em]bcientunirersam
818 3748 931 3830 ‘Quam
942 3753 1030 3809 urbm
1046 3753 1078 3809 aia
1092 3747 1297 3835 coitisomam
1307 3749 1404 3810 ..δὺν

88 3863 214 3928 noater,
237 3863 271 3914 ut
294 3865 451 3918 contextas
472 3853 640 3918 loculenter
661 3851 716 3916 do·
772 3857 859 3916 cretis
884 3854 1055 3937 ambagibus
1086 3851 1259 3938 obliquaret]
1283 3857 1396 3916 [aaut

86 3970 149 4036 cet,
169 3977 232 4019 non
249 3969 350 4020 totam
363 3960 552 4038 excercitum,
570 3958 623 4022 aed
645 3981 716 4044 par·
774 3957 816 4020 ita
834 3957 990 4044 inteiiigor
1007 3964 1096 4023 Jusaa
1116 3959 1225 4024 Otbioi
1247 3957 1399 4022 iiaiaidua

86 4077 154 4126 tem
177 4061 244 4146 ejus
261 4063 398 4128 hostibus
420 4085 455 4127 ex
470 4065 596 4141 adverso
620 4067 715 4131 colio·
772 4063 901 4128 mediam
916 4065 990 4129 aciei
1004 4079 1145 4142 turmam,
1165 4064 1239 4142 aire,
1252 4077 1287 4127 ut
1305 4083 1399 4128 exse-
1477 4093 1478 4096 ¹

85 4181 190 4232 catam
210 4179 242 4232 et
262 4170 403 4254 pralium
426 4171 646 4256 auspicetur-aru
669 4171 715 4233 in·
774 4168 934 4255 quentibua
952 4181 1051 4255 patet,
1083 4169 1256 4254 qaindecim
1279 4169 1404 4254 priores-

84 4275 214 4358 telligit.
774 4275 897 4338 ordines
918 4295 954 4338 ex
976 4275 1074 4361 prima
1097 4287 1195 4338 turma
1218 4275 1251 4336 in
1268 4273 1398 4337 sormam

133 4385 321 4446 ‘Voeeaarti'
344 4385 458 4445 rothae
493 4379 643 4462 demam]
671 4385 715 4446 ita
775 4381 845 4446 coni
859 4381 1015 4465 disposuit.
1055 4385 1207 4444 Praeterea
1221 4381 1335 4444 alaram
1351 4401 1398 4443 re·

84 4501 121 4551 ot
137 4485 290 4550 baberent
312 4497 423 4554 tannae
440 4486 563 4550 vicenos
582 4486 717 4566 ordines,
774 4507 873 4551 aeuus
888 4488 952 4550 eir'e
975 4499 1089 4550 turmae
1109 4485 1149 4548 ad
1176 4497 1338 4573 utrumqne
1357 4487 1401 4549 ia-

83 4613 185 4658 unam
197 4605 270 4679 post
281 4594 412 4657 aiteram
425 4595 604 4672 collocatas,
618 4593 715 4656 media
774 4605 823 4656 tua
836 4595 1001 4657 collocatas
1019 4591 1110 4654 simili
1123 4590 1217 4654 mado
1237 4591 1399 4670 ordinavit,

84 4719 165 4764 vero
178 4711 279 4762 torma
299 4698 407 4795 siginti
425 4697 497 4763 viria
514 4713 593 4764 esset
608 4719 715 4786 pone
771 4701 815 4763 ita
830 4713 863 4763 ut
877 4699 964 4764 lincis
988 4699 1122 4785 obliquis
1135 4701 1199 4762 aire
1221 4700 1407 4763 moesone·

82 4807 179 4870 otior.
218 4809 297 4871 cun
315 4827 389 4872 rere
404 4827 440 4872 ex
455 4808 650 4893 serpentibus
661 4829 714 4893 pa·
773 4805 891 4884 (abraae
911 4807 1029 4888 liioier)
1047 4805 1398 4892 utrunque-meterent

82 4925 166 4992 teat,
178 4912 308 4978 mediam
323 4913 565 4981 turmameadem
574 4935 609 4978 ac
623 4925 714 4978 caete·
776 4937 792 4976 a
807 4914 903 4980 media
921 4927 1030 4980 turma.
