3446 5458
366 318 440 390 200

714 312 888 388 Hrsrou.
906 313 1011 388 Dar.
1030 314 1166 386 LIBER
1184 315 1223 384 V.

512 523 676 621 AEquora
697 534 827 592 ventus
841 517 936 616 ugit,
963 515 1098 592 tristior
1111 543 1208 594 asera
1230 518 1352 598 solatus

446 641 660 738 Nansfieta
674 640 862 741 reuugrium
871 657 1055 742 penetrat,
1079 643 1274 721 amedacta
1293 657 1435 726 tetrus,-

512 771 610 839 Istas
633 789 695 838 ore
703 765 826 867 prensi
841 778 999 850 constat,
1026 781 1067 838 at
1078 765 1144 840 atta
1160 771 1308 844 manu¹.

706 893 823 985 Grepa

449 1015 494 1086 tu
513 1011 637 1108 gallus
657 1015 766 1101 caeru,
790 1015 842 1088 sie
856 1013 926 1090 litis
937 1015 1070 1116 plenus
1082 1009 1252 1118 iuberis-9·

514 1133 627 1208 Sorde
637 1139 770 1234 gravis
777 1153 900 1240 partes,
925 1162 993 1212 nae
1007 1134 1083 1210 m'si
1095 1135 1228 1210 crimen
1239 1135 1326 1248 ples.

447 1257 652 1330 Adversum
673 1285 838 1336 scurram
858 1286 1014 1336 causam
1033 1259 1236 1362 prodttccrc
1259 1275 1418 1346 causaest,

513 1380 586 1481 Qru‘
595 1407 720 1456 uacua
737 1385 840 1459 euers
852 1381 1045 1458 mobrbtute
1060 1384 1166 1482 curet.

709 1510 832 1584 Ericus
844 1536 853 1580 a

450 1626 618 1716 Hercule,
636 1627 841 1725 uisullur²,
860 1631 913 1705 ad
923 1657 1021 1720 caure,
1037 1623 1259 1730 quiprotuiit
1273 1627 1405 1728 pisitur,

319 1923 941 2015 omninoalienumestsiiidendurbyragu,

318 2053 354 2092 eu
365 2032 466 2094 Irrddir
476 2033 681 2106 baudorodur,
689 2033 754 2102 bet
765 2047 940 2122 exspectan·

290 2165 293 2172 .
318 2147 365 2200 tas
382 2149 474 2202 rento
489 2137 634 2204 fruuntur
647 2139 799 2221 seeundo,
821 2140 875 2208 sed
894 2140 940 2206 ie·

317 2241 498 2308 stiaantibus
522 2245 648 2330 remigia
668 2229 838 2314 adhibenda
860 2259 939 2312 sunt.

319 2345 409 2438 Quod
430 2349 553 2435 quidam
567 2351 704 2438 adagium
724 2353 828 2418 laudas
847 2373 943 2416 moras

316 2451 485 2536 prudenter
508 2459 655 2524 institutae
674 2461 833 2524 continens
858 2457 942 2522 exhi·

316 2556 370 2624 bat
388 2563 645 2644 comparationem
659 2567 739 2630 inter
758 2575 881 2630 rentum
897 2583 944 2628 so-

317 2663 449 2738 mmium
463 2681 494 2734 ot
509 2669 677 2755 remigium.

364 2776 471 2840 'Istas
491 2800 541 2838 ore
556 2781 655 2862 premi
679 2793 809 2849 constat,
832 2793 865 2842 at
887 2778 940 2842 eila

317 2874 419 2958 mnu]
438 2879 704 2963 Comparationem
725 2881 857 2950 instituit
879 2883 942 2944 No·

1002 1927 1102 1992 uentis
1146 1923 1300 1990 interdum
1346 1921 1451 1989 favens
1501 1947 1613 2013 roqarora

999 2033 1114 2119 agitat,
1140 2031 1183 2097 ita
1208 2030 1267 2095 aba
1288 2031 1335 2094 ris
1361 2031 1615 2097 tirannorum

999 2141 1095 2226 agitat
1121 2151 1228 2216 tarra,
1255 2135 1373 2202 nucea
1394 2136 1439 2206 ris
1468 2137 1616 2202 maauaie

1000 2251 1114 2312 Contra
1128 2244 1190 2310 vim
1213 2256 1372 2308 ventorum
1391 2242 1514 2328 aliquod
1534 2245 1616 2308 inre·

1000 2351 1095 2436 migio
1113 2362 1210 2420 exstat
1224 2345 1401 2428 remedium,
1419 2349 1463 2412 itu
1478 2363 1512 2412 ut
1531 2351 1615 2414 maui-

999 2455 1056 2522 bus
1075 2454 1156 2520 freta
1176 2465 1355 2540 promantur
1385 2455 1435 2517 vel
1454 2455 1544 2520 uado
1571 2477 1615 2520 re·

1000 2564 1057 2627 luti
1070 2574 1226 2646 regantur,
1240 2558 1292 2624 sed
1303 2579 1358 2624 ore
1369 2559 1434 2624 sive
1448 2558 1528 2628 tama
1541 2582 1615 2624 uren-

1000 2667 1068 2732 daei
1088 2665 1304 2752 opprimuntur
1319 2660 1419 2730 torrae.
1471 2667 1616 2752 DiIogiam

1000 2774 1033 2840 in
1048 2792 1123 2836 voco
1131 2778 1231 2860 premi
1241 2781 1329 2836 autor
1345 2773 1519 2857 quaesivisse
1542 2773 1616 2838 ride-
1708 2801 1709 2826 1

1000 2891 1061 2955 tur,
1080 2874 1277 2956 hauddubie,
1297 2890 1332 2941 ut
1347 2879 1445 2942 lusum
1461 2879 1616 2944 verborum

317 2993 380 3044 ster
398 2981 480 3048 inter
504 2983 693 3053 mendacium
716 2999 748 3054 et
777 2997 941 3070 tempesta·
998 2983 1032 3046 in
1056 2983 1212 3048 versieulis
1238 2961 1383 3068 antiquis
1399 2983 1525 3048 ebrium
1550 3008 1616 3071 quo·

316 3099 390 3165 tem,
410 3083 538 3156 edocere
549 3111 605 3155 aas
621 3091 754 3176 capiam,
766 3112 828 3155 noa
844 3091 942 3154 mino-

316 3211 351 3256 re
364 3191 636 3262 damnomsndacia
650 3197 787 3260 homiues
801 3195 941 3274 afficere,

318 3319 409 3382 quam
431 3301 556 3366 miseros
583 3316 689 3368 nautas
711 3303 886 3368 sarrientem
907 3302 939 3365 in

317 3423 399 3468 mare
416 3417 637 3491 tempestatem.
685 3415 862 3496 Tempestas
879 3421 941 3472 eta-

302 3511 380 3584 eim
402 3532 512 3596 paucas
541 3511 684 3598 quasdam
712 3537 803 3580 nares
827 3514 941 3598 disjicit

317 3614 514 3702 funditusque
535 3621 656 3697 evertit,
678 3620 731 3686 sed
751 3618 941 3684 mendacium

317 3721 434 3807 regnis,
460 3723 586 3787 urbibus
609 3725 741 3810 totisque
767 3726 941 3792 nationibus

315 3829 481 3914 pernicicm
496 3829 606 3894 adfert.
651 3835 751 3898 Porro
772 3835 849 3897 siout
863 3831 942 3895 irata

316 3933 467 4018 remigiis,
493 3959 562 4022 quaa
591 3935 728 4001 manibus
761 3951 942 4022 premuntur

317 4052 348 4109 ct
361 4039 523 4124 agitantur,
541 4053 667 4124 urgente
681 4055 859 4128 tempestate
874 4045 943 4131 pal·

315 4157 435 4224 santur,
453 4146 495 4208 ita
512 4158 543 4208 et
561 4157 662 4226 torrae,
690 4148 821 4227 horest,
848 4150 941 4214 varias

316 4264 421 4336 gentes
440 4263 472 4314 et
492 4253 629 4315 nationes
648 4267 828 4337 premuntur
847 4267 878 4318 at
894 4253 941 4317 in-

315 4357 661 4442 terdumopprimuutur
672 4380 736 4436 ore,
750 4357 781 4422 id
795 4373 941 4437 est‚men-

316 4461 384 4526 daei
396 4461 498 4548 lingva
514 4483 567 4526 seu
586 4463 762 4541 mendacio,
787 4463 871 4548 quod
886 4483 940 4528 ore

316 4565 485 4654 profertur.
506 4601 546 4620 --
563 4574 717 4636 Hactenus
738 4571 938 4654 Stephanius3

317 4695 375 4757 ego
396 4693 469 4736 rere
489 4669 520 4738 in
547 4673 641 4738 bocca
666 4671 737 4737 loeo
763 4675 939 4740 obscuriore

315 4777 424 4843 scriem
450 4778 668 4862 cogitationum
688 4779 767 4842 huuc
795 4801 858 4844 esse
879 4784 939 4844 exi·

316 4886 420 4948 stiriae:
444 4882 704 4972 Quemadmodum
719 4896 877 4949 reatorem
895 4887 938 4948 sis

1000 3089 1162 3154 desummo
1190 3088 1383 3172 exprimeret.
1436 3094 1471 3154 ln
1490 3091 1616 3156 mureti·

1000 3214 1058 3258 one
1080 3193 1315 3280 proverbiorum
1334 3195 1519 3260 Daniearurn
1540 3195 1616 3259 Petri

999 3299 1139 3382 Septimii
1154 3300 1238 3368 vobi
1261 3324 1292 3386 p.
1306 3297 1368 3366 983
1381 3314 1477 3366 exstat
1499 3323 1616 3388 prores-

1000 3403 1101 3484 bium,
1132 3404 1217 3490 quod
1249 3403 1379 3470 fortasse
1405 3409 1616 3494 comparationi

1000 3509 1150 3580 mandacii
1165 3533 1172 3556 ·
1187 3524 1219 3580 et
1264 3513 1348 3580 venti
1386 3535 1489 3580 ansam
1526 3513 1615 3578 dedit:

1000 3620 1087 3701 Ligu
1104 3637 1139 3680 cr
1157 3630 1189 3681 et
1205 3616 1354 3702 sbadcligt
1368 3620 1459 3684 Useir
1472 3619 1493 3684 i.
1510 3640 1536 3684 c.
1548 3646 1618 3684 mers·

1000 3724 1117 3788 dacium
1131 3742 1175 3788 ert
1189 3741 1344 3810 tempestas
1363 3731 1475 3792 noctua.

1045 3831 1058 3866 ²
1068 3833 1208 3900 Hercule,
1217 3834 1252 3892 rai
1254 3825 1369 3914 fallor]
1378 3831 1549 3920 Responsio
1556 3831 1619 3894 Eri-

1000 3932 1107 4022 eiUtres
1121 3935 1258 3996 eontinet
1271 3935 1454 4014 sententias,
1485 3959 1559 4022 qum
1575 3951 1618 3999 to·
1705 4015 1706 4020 η

1001 4037 1096 4100 tidem
1110 4039 1314 4102 locutionibus
1332 4040 1575 4125 proverbialibus
1591 4041 1617 4104 in

1001 4143 1225 4228 lingraDauica
1240 4139 1410 4230 exprimere
1424 4145 1506 4210 iicet.
1547 4151 1619 4245 Qua-

999 4263 1071 4316 tuor
1081 4250 1198 4314 seilicet
1211 4249 1330 4336 priores
1352 4251 1475 4316 lineola
1487 4275 1543 4339 per
1562 4277 1620 4316 aar·

1000 4355 1093 4440 bages
1106 4357 1242 4420 efferunt
1257 4357 1454 4443 proverbium
1463 4361 1619 4424 Daaimms
1704 4437 1705 4446 ἵ

1001 4463 1071 4526 Fais
1086 4465 1182 4526 slaaer
1199 4461 1265 4526 oste
1285 4462 1331 4525 sin
1355 4483 1432 4550 egen
1449 4470 1547 4530 lierre
1564 4487 1618 4550 paa
1704 4447 1705 4496 ἕ

1000 4569 1075 4630 Halo
1094 4567 1208 4646 (Pedes
1224 4569 1331 4634 Laales
1351 4569 1465 4656 Ordsp.
1483 4573 1537 4634 No.
1550 4565 1618 4646 396,

1000 4674 1098 4737 Pedes
1109 4677 1169 4755 Syr
1186 4672 1248 4738 11).
1263 4677 1293 4738 S.
1306 4669 1394 4756 382).
1410 4679 1482 4738 Duo
1497 4694 1619 4759 sequeu-

1000 4790 1044 4841 tes
1079 4777 1200 4842 lineolae
1232 4777 1420 4864 respondent
1459 4779 1618 4866 proverbio

1001 4882 1134 4948 Dauieo:
1155 4889 1234 4950 Naar
1248 4909 1316 4950 man
1328 4906 1394 4949 seer
1409 4873 1511 4952 sirene
1523 4883 1557 4948 af
1568 4885 1617 4950 Ui·
