3476 5460
682 335 858 409 Gotttto.
1291 331 1362 412 431

110 547 158 618 ni.
209 542 281 618 Sed
295 541 563 642 negociorum,
591 567 668 642 quo
681 545 798 619 minus
808 541 967 618 tinente
979 539 1159 642 degerem,
1174 544 1281 644 attigi.
1311 549 1419 625 kunst

109 667 215 741 ilium
237 665 326 740 mihi
347 663 477 765 pedem
499 668 676 764 potiorem
703 682 842 759 statuo,
873 671 936 766 qui
960 667 1062 765 prior
1083 667 1416 766 fflmespoesem

107 795 272 890 quiverit
315 790 437 888 Gigas,
450 786 627 864 Tborkilli
640 788 825 888 prudentis
840 787 1334 888 delccmmnprovcrbioum
1347 815 1417 870 ve-

106 919 210 986 ritate
225 910 381 1002 laudata,
397 908 522 1001 docet,
543 910 590 984 ad
610 913 716 1010 inops
733 915 904 1010 gruminis
926 909 1046 986 solum
1067 910 1218 1009 utusque
1243 911 1417 992 obituum

106 1035 265 1110 tenebris
294 1036 455 1134 inprimis
468 1059 547 1108 esse
573 1033 810 1134 migrandum.
870 1040 962 1108 Ante
988 1049 1106 1108 autem
1125 1059 1236 1132 quem
1253 1034 1417 1114 destina-

105 1175 168 1232 tus
181 1159 293 1257 possit
309 1157 410 1230 locus
427 1158 561 1254 accipi,
576 1158 838 1256 navigationem
854 1155 1054 1256 quatriduo
1077 1161 1246 1255 pertinaci
1266 1161 1416 1260 remigio

105 1278 394 1377 peruubcndom.
445 1278 520 1352 Illic
533 1279 720 1354 visendum
736 1282 815 1356 iore
838 1275 1108 1378 Ugartbilocnm
1126 1296 1234 1356 tetros
1256 1279 1415 1358 horrens

105 1401 252 1502 dosque
274 1427 406 1500 specus
430 1401 579 1476 sordida
604 1405 787 1476 umusionc
809 1399 1045 1500 complexum.
1090 1400 1311 1497 Tborkilins,
1330 1429 1442 1480 mun·
1537 1435 1540 1449 ·

105 1550 271 1624 guopere
296 1541 462 1623 stupens,
485 1523 587 1622 quod
605 1541 640 1598 et
656 1523 765 1623 longa
781 1539 817 1598 et
830 1522 1032 1624 periculosa
1055 1528 1234 1624 navigabo
1253 1528 1435 1627 impetus·

104 1647 228 1736 batur,
243 1663 434 1744 sputamen
443 1645 555 1720 dubiu
572 1663 783 1745 praesentem
797 1663 931 1720 rustum
947 1648 1116 1739 vincente,
1124 1645 1433 1750 foculumerpsffi

106 1771 197 1844 tivit.
247 1774 292 1842 Et
309 1772 429 1870 gigas,
444 1775 472 1843 si
489 1775 617 1870 ignem,
638 1771 773 1868 inquit,
800 1768 999 1861 desideras,
1014 1771 1164 1844 *neooese
1179 1786 1232 1846 cst
1244 1771 1333 1846 clius
1345 1788 1416 1856 trus
1432 1835 1436 1852 .

105 1897 296 1966 semensas
321 1891 497 1966 similibus
513 1892 715 1992 proverbiis
732 1891 829 1968 edus.
887 1897 983 1966 Tum
997 1890 1224 1968 Thorkillust
1249 1893 1416 1990 Consilio,

105 2017 246 2088 tametsi
269 2015 367 2088 exilis
389 2013 428 2087 id
446 2031 570 2090 auctor
584 2012 744 2106 ediderit,
759 2014 1034 2114 obsequendum
1053 2027 1116 2090 est.
1159 2019 1269 2092 uem:
1285 2021 1341 2092 Eo
1353 2035 1414 2095 te-.

105 2140 274 2212 mcritstis
288 2141 460 2235 processi,
478 2153 526 2230 ut,
543 2144 572 2212 si
589 2137 729 2238 regredi
744 2140 905 2236 quivero,
920 2139 1073 2214 sulutem
1087 2163 1206 2214 mcum
1227 2139 1316 2216 nulli
1331 2168 1415 2216 mna

106 2269 177 2363 gis,
191 2285 301 2359 quum
317 2259 486 2378 pedibus,
502 2253 666 2334 debeam.
719 2265 892 2334 Rursum:
908 2263 943 2332 Si
959 2261 1283 2359 imprmentinrnm
1294 2287 1415 2340 reces-

106 2411 154 2460 su
169 2383 284 2456 libem
300 2381 449 2474 imeres,
463 2381 613 2458 ulterius
634 2409 655 2456 u
670 2382 786 2457 reditu
802 2381 1076 2480 temperandum
1090 2407 1264 2458 curarem.

241 2503 329 2579 Inde
356 2505 494 2604 perlato
528 2503 577 2578 ud
601 2509 719 2580 socios
740 2507 843 2605 igne,
865 2529 964 2580 uurae
992 2503 1250 2604 indulgentiam
1280 2524 1415 2600 neonus,

107 2644 242 2730 quarto
256 2625 316 2700 dic
332 2624 378 2699 ad
398 2633 623 2726 propositum
640 2643 785 2726 portum
805 2627 954 2728 appulit,
968 2604 1234 2728 aggressusque
1248 2655 1332 2706 oum
1344 2655 1415 2710 so*-

106 2756 173 2828 ciis
188 2769 332 2842 terrum,
349 2747 449 2847 apud
461 2774 574 2849 quum
589 2752 765 2826 continues
780 2756 894 2826 noctis
913 2749 1022 2826 iacies
1046 2749 1174 2826 alterni
1193 2750 1337 2828 luminis
1352 2756 1416 2830 ri-

105 2871 353 2949 cissitndioem
378 2871 633 2967 frustrabatur,
657 2899 753 2975 aegrc
785 2889 1016 2974 prospectum
1047 2873 1269 2974 cupientibus
1291 2873 1416 2968 oculis

105 3003 282 3092 inusitatos
304 2992 411 3070 molis
430 2995 627 3094 ‘scopulum
648 3003 831 3098 conspicit.
904 2999 1020 3096 Cujus
1044 2994 1285 3097 perlnsnnndi
1304 3003 1416 3098 cupi-s

106 3121 182 3194 dus
211 3145 232 3192 u
254 3115 445 3192 comitibus
470 3117 556 3193 ioris
578 3122 763 3194 stationem
787 3120 1042 3221 peragentibus
1071 3135 1235 3194 exorsum
1258 3118 1416 3196 silicibus

104 3248 241 3345 ignem,
258 3255 506 3338 opportunum
522 3259 648 3316 contin
663 3241 846 3324 daemones
866 3247 1138 3336 tutamentum,
1158 3247 1194 3316 in
1218 3241 1318 3318 aditu
1329 3244 1416 3342 jus·

106 3369 155 3442 sit
170 3362 325 3438 accendi.
376 3367 459 3436 Post
475 3361 562 3457 baec,
586 3365 737 3464 praeluto
754 3391 820 3466 per
842 3365 931 3440 ulios
951 3367 1102 3457 lumine,
1123 3366 1232 3444 metis
1253 3389 1416 3440 coverne

106 3487 279 3564 faucibus
292 3509 426 3585 corpus
439 3487 634 3586 subjiciens
657 3493 748 3564 inter
761 3488 906 3563 crebros
924 3505 1133 3587 serpentum
1153 3487 1313 3587 allapsus
1332 3486 1415 3560 iso-

103 3635 256 3686 rcornm
270 3609 432 3708 undiquc
446 3607 611 3686 sedilium
633 3614 865 3712 mumdum
889 3610 1160 3711 contemplatur.
1220 3609 1309 3686 lude
1331 3608 1418 3708 pls·.

107 3735 223 3810 oidior
237 3759 343 3835 uqnae
358 3737 471 3813 moles
486 3739 727 3837 subjectoque
747 3736 877 3811 sabulo
902 3736 1055 3810 molliter
1080 3733 1235 3808 mildens
1255 3757 1416 3830 conspe-

20 3934 27 3944 ,
108 3861 186 3932 otui
204 3859 397 3934 obversata
412 3879 475 3935 est
527 3865 607 3955 Qua
622 3865 778 3952 transitu,
800 3859 913 3959 poulo
931 3858 1157 3934 devexiorcru
1179 3861 1247 3931 situ
1260 3855 1416 3955 spelun-

108 4007 191 4056 cam
206 3981 422 4083 aggreditur.
473 3987 527 4056 Ex
545 4009 617 4082 quo
634 3987 716 4056 item
735 4001 850 4059 atrum
865 3985 1152 4081 obscoenumque
1163 3977 1336 4055 conclave
1355 3984 1416 4054 ri-

107 4104 272 4180 scutibus
286 4113 455 4205 operitur.
506 4111 600 4179 lutra
616 4104 718 4206 quod
734 4106 984 4208 Ugartbilocus
1003 4129 1129 4178 manus
1144 4101 1328 4201 pedesque
1340 4101 1415 4174 im-

107 4230 241 4303 mensis
256 4243 459 4305 catenarum
474 4229 633 4306 molibus
655 4233 845 4304 oneratus²
865 4215 1052 4328 aspicitur;
1076 4227 1181 4326 cnjus
1202 4223 1337 4298 olentes
1352 4221 1415 4324 pttt

158 4505 288 4586 'Ignem
303 4519 495 4590 opportunum
511 4519 613 4566 corrtra
631 4504 735 4564 doemo·
839 4504 1012 4562 ²Immcnsr's
1033 4515 1201 4562 caturcorum
1215 4497 1336 4558 mettas
1350 4519 1416 4558 one·

111 4633 162 4669 ues
173 4604 379 4688 tutamentum]
394 4609 490 4670 Malos
501 4607 654 4674 dromones
672 4627 735 4672 esse
795 4605 891 4688 ratus]
915 4611 992 4670 Haec
1014 4604 1110 4690 petito
1133 4599 1274 4672 videntur
1294 4621 1330 4666 ex
1353 4621 1416 4686 my-

110 4709 279 4794 lucifugos,
303 4713 407 4796 opinio
432 4727 477 4777 est
498 4717 638 4779 omnibus
670 4713 734 4777 iero
794 4713 982 4777 tboEddico
1004 4713 1042 4774 de
1063 4710 1234 4774 Ass-Lobio
1251 4707 1350 4772 tribus
1363 4725 1417 4792 pt·

110 4819 233 4910 populis
249 4819 424 4883 communis.
793 4822 849 4884 tris
871 4820 959 4884 odiis
981 4821 1107 4905 alligato
1127 4815 1221 4898 (Edd.
1240 4816 1346 4880 Suorr.
1366 4813 1416 4879 sd.

630 4923 634 4930 ’
794 4927 874 4990 Reslt
889 4951 919 5012 p.
935 4923 1054 5008 68-70).
