3442 5456
678 357 851 428 HIARNO
1294 365 1365 436 259

102 563 233 660 prndio
247 569 370 662 ingens
389 569 575 662 praemium
589 572 685 638 stetit.
743 569 917 640 Eximinm
939 568 1053 666 exigui
1070 577 1243 664 poematis
1262 581 1413 672 pretium

94 688 229 760 lamam
247 711 395 788 quoqne
420 689 447 758 C
450 687 629 760 aesarianae
645 687 883 764 retributionis
898 693 1052 764 excessit.
1109 694 1222 768 Divus
1239 699 1413 795 siquidem

99 807 233 883 lulius¹
252 810 479 882 victoriarum
499 833 646 884 suarum
662 826 734 882 toto
751 811 840 884 orbe
855 811 1026 886 editarum
1037 814 1240 910 scriptorem
1256 817 1413 896 illustra·

100 947 286 1028 toremqne
303 931 499 1028 municipio
518 927 653 1005 donare
669 949 851 1007 contentus
866 937 978 1008 estitit.
1038 939 1138 1008 Nunc
1163 963 1246 1009 vero
1261 945 1413 1018 rustica·
1436 912 1442 922 Ι

99 1077 144 1124 no
171 1078 323 1150 regnum
346 1051 495 1153 prodiga
510 1051 628 1151 plebis
644 1054 843 1128 hnmanitas
862 1063 1029 1155 erogavit.
1081 1057 1150 1130 Sed
1169 1085 1213 1131 ne
1229 1061 1413 1142 Africanus

99 1173 268 1271 quidem²
293 1178 329 1248 in
345 1177 581 1276 rependendis
597 1203 748 1275 operum
762 1199 911 1250 suorum
927 1183 1164 1254 monumentis
1194 1185 1412 1260 munificen-

99 1297 144 1368 tia
166 1301 290 1372 Dauos
310 1303 472 1400 aequavit
533 1299 608 1370 lllic
628 1300 721 1370 enim
738 1298 932 1372 elucubrati
954 1300 1143 1376 voluminis
1168 1331 1300 1380 merces
1323 1335 1412 1384 auro

98 1417 249 1518 simplici
265 1429 377 1512 stetit,
409 1421 469 1495 hic
495 1423 625 1521 agresti
654 1437 836 1518 sceptrum
860 1421 1037 1497 incondita
1060 1451 1228 1499 versuum
1252 1439 1412 1525 paucitas

59 1631 66 1650 ἃ
100 1547 315 1621 ministravit.

232 1667 368 1740 Eodem
395 1685 559 1766 tempore
584 1668 729 1757 Ericus,
746 1671 808 1764 qui
832 1667 958 1738 Svetiac
980 1669 1230 1768 praefecturam
1253 1675 1413 1773 gerebat,

102 1790 232 1864 morbo
256 1792 472 1863 exanimatus
496 1805 557 1862 est.
593 1791 705 1887 Cujus
721 1788 816 1862 filins
839 1786 1034 1882 Haldanus,
1059 1807 1208 1888 paterna
1232 1820 1412 1894 procura-

100 1917 197 1988 tione
224 1911 383 2004 lunctus,
408 1935 522 2009 quum
549 1909 741 1985 duodecim
766 1909 916 1982 lratrum
941 1915 1126 2012 Norvagiae
1151 1915 1408 1994 oriundorum³

101 2037 238 2110 crebris
255 2033 503 2134 congressibus
529 2049 727 2123 terreremr,
753 2058 820 2106 nec
848 2041 1072 2131 oppressioni
1097 2037 1250 2112 vindicta
1268 2065 1411 2140 suppe-

100 2176 206 2251 teret,
240 2181 305 2256 spe
340 2155 568 2256 capessendae
601 2161 682 2255 opis
712 2159 740 2226 F
744 2153 890 2245 ridlcvi,
919 2171 1002 2228 tunc
1025 2161 1160 2232 Rosciae
1184 2164 1412 2253 consistentis,

100 2281 244 2381 copiam
263 2281 431 2380 profugio
448 2281 581 2378 petivit.
635 2281 749 2370 Quem
766 2277 919 2376 supplici
941 2277 1040 2352 vultu
1064 2305 1274 2380 aggressus,
1299 2311 1413 2385 seque

97 2403 147 2476 ab
166 2419 312 2478 externo
327 2401 431 2476 hoste
448 2401 669 2474 confractum
685 2425 728 2473 ac
747 2417 939 2475 contusum
963 2399 1167 2498 deplorans,
1193 2410 1327 2480 tristem
1351 2413 1412 2478 in-

96 2529 272 2624 juriarum
294 2530 555 2625 querimoniam
580 2521 756 2596 afferebat
824 2525 891 2595 Per
916 2547 1026 2621 quern
1049 2523 1237 2600 Fridlevus
1263 2545 1412 2626 accepto

100 2665 258 2747 paternae
277 2653 399 2722 mortis
416 2648 571 2734 nuncio,
605 2643 805 2744 supplicem
820 2644 956 2720 auxiliis
980 2661 1208 2742 prosecutus,
1231 2653 1412 2750 Norragi-

102 2797 159 2843 arn
174 2773 281 2846 annis
298 2772 489 2845 instructus
512 2765 657 2842 accedit
719 2771 800 2860 Quo
817 2785 978 2867 tempore
999 2767 1159 2865 praedicti
1180 2770 1315 2862 fratres,
1340 2771 1411 2846 de-

151 3047 267 3104 ¹Dinus
289 3043 427 3125 sr'qm'dem
449 3035 560 3118 Julius]
586 3037 661 3130 Quis
680 3039 731 3101 hic
788 3040 820 3100 in
841 3039 896 3103 ltac
913 3037 1043 3119 historia
1065 3038 1223 3104 afferenda
1242 3043 1321 3104 Saxo
1349 3043 1412 3106 hal·

104 3148 197 3212 luent
215 3149 351 3232 scriptor
369 3167 471 3210 rerum
491 3157 644 3230 gestarum
664 3148 729 3208 Cs-
788 3145 938 3208 incinctus
958 3143 1049 3210 inse
1072 3145 1200 3212 ridetur.
1248 3153 1295 3213 De
1312 3151 1412 3218 Ennio

101 3257 196 3331 seris,
224 3273 316 3340 mem
335 3239 387 3316 illo
412 3251 577 3335 municipio
597 3250 729 3329 donarit,
788 3251 910 3336 quidem
930 3251 998 3316 baec
1024 3253 1166 3336 leguntur
1202 3255 1234 3318 in
1273 3257 1413 3320 oratione

104 3383 254 3446 nusquam
266 3359 463 3424 meinrenirc
486 3357 621 3442 potuisse
647 3358 730 3443 equi·
788 3381 846 3446 pro
858 3359 971 3424 Archia
988 3379 1054 3444 cap.
1075 3359 1111 3422 9:
1134 3364 1230 3428 Carus
1242 3367 1310 3448 sair
1329 3365 1415 3450 Afri·

104 3469 174 3532 dem
191 3469 323 3552 ingenue
344 3463 453 3540 fateor.
494 3467 649 3526 Hactenus
665 3467 732 3528 ste·
789 3489 862 3528 carro
885 3470 1030 3552 superiori
1045 3484 1143 3528 noster
1163 3455 1294 3540 Ennius,
1315 3475 1415 3558 itaque
1445 3544 1451 3561 ⁸

105 3574 246 3658 phanias.
297 3576 346 3636 Me
367 3593 441 3635 vero
462 3570 542 3633 hano
561 3572 594 3632 in
609 3571 731 3634 remin-
788 3578 876 3636 etiam
896 3577 926 3633 in
945 3573 1094 3658 sepulchro
1109 3576 1275 3660 Scipionum
1286 3593 1415 3662 putatur

105 3681 276 3768 quirentem
284 3675 607 3763 ablegaritllladvigius
617 3689 731 3753 noster,

104 3785 231 3870 Lingrae
248 3787 314 3847 Lat.
330 3783 362 3845 in
375 3781 512 3848 Univers.
526 3781 730 3857 HernProf,

105 3889 333 3954 adorationem
356 3887 511 3952 Ciceronis
536 3907 596 3973 pro
617 3887 730 3952 Archia

105 4017 171 4082 cap.
186 3995 236 4074 10,
255 3994 308 4062 nbi
322 3994 389 4058 haec
400 4005 534 4058 exstant:
557 3996 660 4078 Qnid?
680 4021 732 4056 no-

105 4105 225 4169 merdic
240 4108 384 4186 Magnus,
398 4105 450 4186 qui
466 4125 529 4166 cum
543 4105 649 4163 uirtute
660 4105 731 4186 jor-

107 4227 210 4271 rnnam
229 4208 406 4291 adaequauit,
427 4231 521 4270 nonne
534 4207 731 4294 Theophanem

107 4316 324 4398 Mitylenaeum,
357 4316 525 4398 scriptorem
549 4335 642 4372 rernm
666 4337 734 4375 sna·

109 4440 186 4486 rum,
196 4417 369 4477 inconcione
382 4405 649 4479 cr'nr'tntedonarii.⁹
660 4413 740 4477 Nol-¹

109 4519 155 4582 lus
168 4537 241 4582 sane
253 4515 371 4598 dubito,
386 4523 535 4584 saxonem
548 4517 678 4582 adhunc
690 4521 735 4580 lo-

110 4645 177 4688 cum
207 4626 420 4711 respicientem
459 4625 614 4691 memorie
649 4627 735 4710 lapsu

110 4731 264 4818 scripsisse
277 4735 426 4798 Caesarem
442 4757 502 4820 pro
515 4731 674 4818 Pompeio.

155 4841 239 4902 'Sed
259 4866 294 4902 ne
313 4839 474 4926 Africanus
487 4835 614 4922 quidem]
635 4836 736 4901 Etiam

790 3687 815 3744 is
833 3707 894 3743 esse
915 3683 1090 3742 constitutus
1113 3703 1129 3739 e
1157 3703 1300 3742 nrarmore
1321 3677 1414 3758 (cnse.

789 3789 890 3854 Valcr.
922 3785 1067 3849 Maximus
1094 3783 1147 3846 lib.
1173 3788 1241 3850 Vlll
1264 3805 1330 3871 cap.
1353 3781 1415 3860 14.)

790 3894 915 3955 Nullum
942 3911 1015 3954 rero
1035 3902 1131 3953 exstat
1152 3891 1357 3958 testimouium
1378 3889 1415 3953 ds

792 4018 868 4061 suro
882 3997 953 4062 huic
964 4007 1065 4080 postas
1082 3995 1299 4082 aScipionibus
1305 3995 1417 4060 soluto.

827 4108 851 4190 '³
867 4109 1027 4188 Nomngroe
1059 4097 1259 4192 ornandorum]
1279 4101 1414 4167 Insolens

793 4207 919 4284 locutio,
941 4227 1000 4290 qua
1020 4217 1120 4268 tamen
1137 4205 1183 4268 bis
1204 4227 1273 4268 usus
1286 4187 1417 4268 esr'au-

792 4314 884 4377 relius
898 4310 1008 4378 Victor
1022 4310 1052 4371 in
1070 4309 1176 4374 libello
1193 4309 1231 4374 de
1248 4309 1415 4374 Cesaribus

793 4440 859 4502 cap.
879 4419 929 4492 lll,
955 4405 1009 4477 16¹:
1035 4419 1124 4478 Forte
1139 4441 1213 4478 anns
1232 4434 1315 4479 ortos
1332 4419 1420 4503 Epiri

794 4549 810 4587 e
833 4523 995 4585 codor-tibae
1003 4565 1016 4592 ,
1043 4543 1106 4603 qnoe
1131 4523 1281 4584 Palatium
1308 4523 1417 4584 adside·

795 4631 872 4692 dant.
919 4628 992 4710 Cap.
1012 4625 1129 4693 XXIV:
1149 4629 1269 4689 Aurelio
1290 4631 1418 4694 Alexan·

796 4736 864 4804 dro,
881 4733 975 4815 Syria
988 4735 1206 4815 or·to,Angnsti
1214 4739 1351 4828 potentin
1369 4736 1417 4794 de·

797 4841 868 4902 lota.
896 4837 945 4913 (S)

1132 4945 1221 5040 tut
