3446 5458
466 283 495 387 ’.
595 325 783 398 ιιιοιιιο
802 325 857 396 ιιι.
1264 327 1339 399 oto

97 537 182 634 puae
199 530 380 632 dilatum,
407 537 604 638 'quousque
623 533 734 612 liliam
764 531 850 608 mibi
867 539 917 610 tui
946 531 1030 608 loco
1056 531 1245 608 tradiderit.
1276 573 1280 580 ·
1311 537 1392 630 Qua

96 657 286 756 inperata,
301 680 518 758 uuoegoac
542 663 696 734 Gdtarus
717 657 776 735 die
799 659 1067 754 nuptiasactcri
1079 681 1223 731 summ·
1267 660 1392 758 ltaque

96 777 269 878 disparata
290 781 397 858 nobis
419 781 467 858 ad
481 779 753 858 convivandum
769 780 937 872 triclinia,
966 777 1032 854 sed
1048 775 1204 855 medinm
1220 785 1392 880 parietem

96 905 390 978 communicantia
405 905 571 1005 praebere
587 922 724 998 curato,
756 929 803 978 nc
822 929 884 978 mc
902 903 997 978 tone
1010 903 1135 978 coram
1150 903 1392 1000 oculicbabi-

95 1041 138 1117 to,
159 1023 386 1126 languidiore
420 1053 545 1130 regom
566 1027 864 1128 contemplatione
892 1028 1120 1128 perstringas.
1190 1017 1271 1101 'Hoc
1298 1035 1391 1102 enim

94 1147 136 1221 ad
148 1147 371 1226 eludendum
383 1155 538 1250 raptoris
552 1151 710 1226 studium
726 1175 903 1252 perquam
920 1147 1042 1224 efficax
1061 1147 1303 1225 commentum
1316 1155 1393 1226 estc

94 1271 394 1348 Deindcliracum
411 1299 496 1350 cum
511 1274 648 1350 delecta
664 1275 1017 1372 promptissimorum
1039 1301 1148 1350 manu
1174 1274 1274 1350 haud
1294 1301 1391 1374 prc-
1443 1317 1447 1330 ·

95 1391 147 1466 cul
155 1395 411 1494 regiadeliterc
418 1399 600 1498 praecepit,
613 1396 692 1488 sibi,
708 1421 823 1496 quum
831 1419 888 1470 res
900 1413 1075 1494 posceret,
1083 1399 1213 1474 auxilio
1222 1399 1391 1472 sutorum.

216 1521 301 1594 Post
322 1518 412 1614 baec,
433 1519 570 1596 adscito
598 1517 756 1614 Rollero,
788 1517 1008 1617 provocandi
1031 1520 1126 1615 regis
1149 1513 1278 1617 gratia,
1307 1544 1393 1594 cum

93 1655 201 1740 nupta
219 1642 504 1742 ancupellectile,
527 1639 697 1718 simulato
709 1657 818 1734 metu,
834 1641 959 1741 fugam
974 1645 1116 1741 navigio
1130 1643 1264 1741 petivit
1314 1645 1392 1742 igi-

94 1779 147 1836 tur
169 1767 293 1838 Gauri
309 1752 311 1762 ’
327 1765 398 1840 eibi
429 1764 579 1840 classem
600 1769 730 1838 instare
757 1767 991 1862 conspiciens,
1015 1769 1082 1856 En,
1108 1767 1165 1858 ait,
1189 1789 1293 1840 arctas
1317 1765 1391 1839 dcli

94 1873 294 1960 imidinnnm
312 1889 492 1987 spiculum
516 1891 619 1990 jacit,
658 1891 856 1986 statimque,
880 1891 1066 1969 concitatis
1079 1885 1237 1962 clamore
1261 1891 1392 1978 nautis,

94 2007 193 2084 clarc
214 2015 370 2111 puppim
401 2015 582 2086 convertit
651 2011 766 2102 Quem
792 2013 949 2084 Gtttarus
982 2009 1251 2109 propemodum
1275 2010 1392 2086 adte—

92 2149 176 2225 ctus,
201 2134 417 2232 quierem
432 2149 526 2208 esset
539 2133 687 2232 navigii,
718 2145 968 2230 percontatum
992 2135 1137 2208 Ericum
1152 2125 1229 2209 esse
1250 2156 1393 2234 cogno-

93 2245 174 2329 scit}
220 2258 310 2329 Item
328 2253 548 2348 exclamans,
572 2279 618 2326 an
635 2260 712 2352 ipse
726 2256 780 2348 sit,
798 2259 859 2353 qui
878 2256 1028 2329 mirifico
1047 2256 1244 2330 verborum
1265 2257 1391 2332 habitu
1486 2239 1489 2246 ’

93 2395 300 2452 caeterorum
317 2365 523 2452 socordiam
538 2378 778 2468 frustraretur,
798 2379 951 2475 inquirit
997 2377 1138 2471 Quibus
1155 2377 1291 2471 auditis,
1306 2363 1392 2453 Eri-

92 2527 163 2595 cus,
181 2499 267 2577 olim
281 2499 330 2574 ab
344 2507 424 2602 ipsc
433 2527 472 2576 sc
486 2503 613 2575 Diserti
631 2500 843 2598 cognomine
857 2497 1028 2574 donatum
1042 2541 1045 2553 ·
1057 2523 1139 2574 csse
1168 2527 1236 2574 nec
1258 2485 1392 2577 leuctra

92 2621 338 2722 appellationis
353 2625 545 2722 augurium
561 2625 752 2721 excepisse,
770 2621 964 2721 subjunxit.
1015 2623 1153 2697 Dehinc
1168 2625 1218 2697 ab
1233 2627 1392 2726 utrisque

91 2749 292 2844 pecuinam
306 2747 343 2817 in
365 2745 465 2820 littus
477 2769 688 2818 concessum
702 2761 773 2835 est,
805 2746 868 2820 ubi
888 2750 1062 2840 Gtitarus,
1094 2751 1188 2821 Erici
1216 2747 1392 2849 legatione

91 2875 246 2970 cogrdta,
270 2868 461 2942 Prothonis
484 2893 523 2942 se
545 2867 653 2942 refert
668 2891 830 2942 sororem
848 2893 999 2967 cupere,
1032 2867 1149 2968 legato
1173 2893 1261 2943 vero
1280 2869 1389 2943 liliam

91 2992 258 3066 exhibete
271 2989 389 3084 malle,
412 3017 489 3090 quc
503 2993 619 3068 trinus
637 3015 722 3065 eum
738 2989 797 3062 alii
811 3015 912 3065 suam
927 2997 1076 3066 cessisse
1091 2995 1283 3091 conjugem
1302 2967 1408 3091 p'co·x

89 3120 226 3193 niteret.
281 3117 407 3212 ltaque
430 3137 503 3186 non
529 3117 767 3212 incongruum
795 3112 894 3208 fore,
933 3113 1170 3214 allegationis
1196 3115 1332 3189 fructus
1355 3118 1392 3188 ia

88 3263 194 3314 suum
210 3233 394 3312 recidisset
415 3234 577 3313 latorem.
637 3239 780 3310 Ειὶοιιιιι
803 3239 913 3338 igitur
934 3235 1005 3310 sibi
1026 3263 1198 3334 generum
1224 3237 1392 3337 compla-

87 3387 190 3454 cere,
220 3358 419 3436 dummodo
445 3362 738 3458 pchunvatam
754 3359 952 3434 'Ftttthonis
973 3359 1177 3432 affinitatem
1201 3363 1393 3459 impetrare

88 3489 273 3584 pumicosa
331 3483 469 3572 Ericus,
491 3481 586 3580 tegis
605 3479 889 3554 benevolentiam
907 3479 1153 3571 exosculatus,
1184 3485 1404 3590 sententiam·

86 3607 231 3706 probat,
259 3604 434 3680 ultrosibi
454 3603 572 3677 offerri
586 3626 757 3696 asserens,
783 3629 856 3703 quo
877 3605 994 3702 majus
1013 3631 1032 3676 a
1048 3603 1117 3678 diis
1130 3603 1393 3678 immortalibus

85 3745 257 3828 exoptare
272 3751 345 3800 non
362 3743 493 3826 posset
552 3725 609 3797 Ab
627 3729 707 3823 ipso
729 3741 848 3800 tamen
866 3731 1045 3800 Guuvarce
1070 3743 1224 3806 arentem
1243 3725 1393 3799 arbitri-

86 3877 221 3950 umque
237 3851 415 3949 preanosci
430 3847 574 3922 debere.
624 3847 688 3922 llla
705 3846 911 3922 adulantem
927 3875 966 3924 se
983 3877 1105 3951 regem
1136 3849 1302 3924 simulato
1331 3849 1392 3922 fa-

86 4000 177 4048 vore
195 3979 344 4072 excepit,
370 3972 577 4070 petentique
599 3985 806 4069 promptum
826 3969 966 4045 deferre
985 3973 1175 4047 videbatur
1197 3997 1392 4064 assensum,
1485 4007 1502 4038 ι

86 4097 292 4190 obsecrans,
316 4112 357 4168 ut
370 4099 462 4167 Erici
479 4095 612 4192 nuptiis
633 4117 716 4166 suas
730 4100 901 4191 praecurri
918 4113 1119 4194 pateretur,
1152 4093 1284 4194 quibus
1308 4093 1390 4190 pri-

85 4245 188 4291 mum
203 4219 377 4308 admissis,
402 4221 517 4315 aptior
534 4213 712 4314 regalibus
726 4233 932 4314 suppeteret
947 4217 1061 4308 locus,
1087 4217 1137 4290 ob
1154 4215 1226 4289 boc
1244 4213 1389 4314 quidem

85 4349 250 4434 maxime,
275 4366 322 4414 ne
336 4339 454 4414 denuo
471 4353 628 4437 nuptura
646 4363 780 4412 novum
795 4339 964 4412 connubii
982 4356 1126 4436 pactum
1149 4335 1296 4410 reducta
1321 4361 1391 4410 ve-

84 4469 172 4538 teris
185 4465 356 4538 memoria
379 4461 557 4537 fastidiret.
616 4463 790 4532 Praeterea
808 4487 881 4533 non
898 4459 1067 4558 expedire
1083 4459 1259 4551 firmabat,
1285 4458 1391 4534 binos

84 4603 235 4685 paratus
250 4613 323 4660 una
337 4584 575 4661 celebratione
593 4581 772 4655 confundi.
821 4583 907 4673 Rex,
927 4589 1109 4682 responsis
1127 4581 1272 4673 evictus,
1296 4581 1390 4655 affa-
1465 4605 1468 4614 ’

86 4711 154 4781 tim
178 4709 362 4810 postulata
384 4703 573 4782 collaudat.
633 4705 702 4797 Qui
728 4727 841 4800 quum
864 4729 907 4776 ex
923 4703 1059 4780 crebris
1088 4708 1182 4781 Erici
1203 4701 1391 4806 colloquiis

85 4831 282 4908 clarissima
298 4832 547 4922 sententiarum
569 4825 759 4920 schemata,
785 4825 919 4930 quibus
943 4827 1061 4905 aniano
1083 4829 1246 4906 delectari
1265 4854 1307 4902 ac
1325 4854 1390 4901 te-
