3442 5456
555 339 561 350 ·
597 311 786 385 nsorno
807 313 862 382 ut.
1021 259 1026 271 ’
1258 309 1332 383 sss

103 524 287 623 teugrinus
299 518 531 596 consiliandos
546 521 613 596 sibi
634 521 801 598 claritatis
818 519 926 593 causa
944 519 1089 593 adortus
1112 517 1267 594 obtrivit
1317 525 1385 614 Qui

104 671 199 744 quum
220 639 619 717 infeliciter-dimicando
651 643 738 742 luga
755 639 1009 734 dilaberentur,
1030 641 1145 715 tribus
1160 641 1291 741 lapillis
1306 661 1388 741 post

103 783 221 866 tergum
234 765 410 862 conjectis,
432 766 581 840 totidem
595 769 772 839 montium
788 765 898 836 instar
912 761 1076 835 hostibus
1094 785 1270 862 apparere
1285 765 1388 840 fece-

102 903 177 962 rant
229 890 336 988 igitur
352 891 572 986 Amgrimus,
593 887 765 961 ludificati
778 887 874 958 visus
896 909 1017 957 errore
1033 889 1248 984 perstrictus,
1263 888 1310 960 ab
1328 883 1388 961 inss

102 1005 248 1086 ananan
271 1011 373 1083 hoste
388 1017 580 1085 exercitum
597 1013 800 1102 revocarit,
828 1031 1038 1108 magnarum
1056 1031 1095 1082 se
1117 1011 1259 1108 rupium
1274 1013 1388 1084 inter-

100 1133 180 1230 jecta
199 1136 389 1206 coercitam
415 1147 557 1230 putans.
628 1131 740 1206 iidem
764 1146 905 1230 postera
929 1129 987 1202 die
1020 1125 1199 1230 congressi
1234 1137 1388 1234 victique

101 1255 300 1343 malemein
315 1269 444 1326 terram
460 1257 533 1328 nivi
545 1259 695 1355 ingentis
709 1253 806 1327 fluvii
826 1253 981 1350 speciem
996 1251 1209 1328 indiderunt
1261 1259 1388 1355 ltaque

101 1377 204 1468 Stetis,
218 1401 282 1476 per
301 1399 484 1450 summum
503 1383 601 1452 visus
625 1399 784 1450 errorem
801 1374 890 1448 salsa
914 1373 1034 1446 rerum
1061 1371 1229 1473 opinione
1245 1376 1389 1469 delusis,

100 1501 239 1574 inusitata
263 1521 441 1600 aquarum
455 1497 568 1574 moles
589 1497 798 1598 obstrepere
815 1496 1016 1571 ridebatur.
1073 1499 1135 1586 lta,
1162 1506 1293 1574 victore
1314 1527 1386 1574 va-

100 1643 167 1692 nam
186 1647 356 1722 sqsrarum
385 1625 574 1722 imaginem
608 1621 840 1711 formidante,
874 1619 997 1719 sugam
1020 1625 1254 1716 impetravere
1276 1625 1388 1696 Finui.
1494 1625 1500 1634 ’

100 1743 201 1818 Tertio
216 1744 407 1819 identidem
423 1743 480 1818 die
494 1768 705 1842 reparavere
720 1743 877 1837 bellnm3
910 1767 977 1814 nec
999 1745 1072 1842 jam
1098 1743 1252 1844 amplius
1275 1744 1388 1820 ullum

100 1863 180 1964 luge
194 1868 317 1942 efficax
331 1865 530 1940 remedium
545 1865 621 1938 luit.
689 1865 855 1940 Videntes
875 1871 980 1958 enim,
1001 1889 1084 1942 suas
1103 1867 1260 1942 inclinari
1284 1872 1388 1960 acics,

99 1995 239 2082 potestati
257 2015 298 2064 se
311 1997 508 2089 permisere
530 1991 683 2062 victoris.
752 1988 892 2081 Quibus
915 1991 1124 2098 Arngrimus
1150 1987 1244 2062 hanc
1267 1991 1389 2066 tributi
1439 2049 1451 2066 .

98 2105 198 2205 legem
212 2111 390 2204 instituit¹,
407 2129 457 2202 nt,
467 2115 642 2184 recensito
656 2111 851 2182 Fiunorum
866 2135 1028 2202 numero,
1041 2109 1154 2183 rheda
1170 2113 1288 2186 ferinis
1304 2113 1390 2214 pel-

98 2228 178 2306 libus
193 2235 349 2307 conferta
372 2234 421 2306 ab
439 2255 657 2332 unaquaque
674 2230 820 2324 decade,
834 2233 917 2305 loco
931 2257 1068 2326 census,
1093 2252 1215 2307 exacto
1229 2241 1389 2328 triennio,

98 2353 308 2451 penderetur.
342 2354 481 2430 Deinde
495 2357 702 2458 Egtherum,
719 2361 880 2430 Biarmiae
906 2352 1047 2448 ducem,
1065 2353 1187 2428 duello
1203 2383 1388 2454 provoca-

98 2491 161 2550 tum
184 2475 329 2572 devicit,
364 2475 563 2578 indiditque
588 2478 828 2554 conditionem
851 2479 999 2550 Biarrnis
1023 2480 1150 2551 viritim
1169 2478 1298 2576 pellem
1323 2505 1390 2580 pro

97 2605 197 2696 capite
212 2601 450 2701 persolvendi.
490 2607 573 2676 Post
587 2602 667 2677 haec
685 2599 806 2700 spoliis
822 2598 1066 2698 trophaeisque
1082 2619 1209 2676 auctus
1227 2601 1275 2674 ad
1302 2607 1389 2676 Eri·

97 2747 165 2794 curs
179 2725 375 2800 revertitur.
426 2729 544 2819 Quem
558 2727 685 2799 Encas
706 2727 742 2798 in
758 2728 909 2800 Daniam
923 2741 1146 2816 consecutus,
1159 2725 1307 2799 multam
1322 2732 1388 2828 jn-

95 2849 180 2920 veen
194 2845 341 2922 laudern
356 2847 547 2922 Frotbonis
560 2848 714 2923 auribus
731 2847 933 2938 instillabat,
958 2845 1106 2945 dignum
1124 2851 1217 2948 regis
1239 2849 1312 2922 filia
1330 2851 1392 2924 af·-

95 2965 234 3065 finnsns,
257 2973 322 3071 qui
348 2972 500 3069 imperio
518 2973 631 3070 ipsius
648 2970 791 3044 ultimos
816 2969 1056 3042 humanarum
1079 2994 1200 3044 rerum
1222 2981 1392 3050 terminos

95 3089 274 3190 adjecisset.
329 3095 445 3192 Cujus
468 3095 613 3194 egregia
630 3091 762 3166 Frotho
785 3095 905 3166 merita
920 3092 1190 3191 contemplatus,
1214 3081 1315 3170 haud
1330 3102 1392 3169 in·
1460 3169 1463 3176 ,

94 3238 280 3318 congruum
296 3215 405 3309 duxit,
421 3219 500 3316 ejus
516 3242 553 3290 se
574 3241 741 3290 socerum
758 3215 937 3310 exhibere,
953 3221 1015 3320 qui
1034 3217 1103 3292 sibi
1119 3220 1222 3290 tantis
1240 3243 1393 3318 operum

94 3337 191 3412 titulis
205 3355 388 3444 patentem
404 3337 473 3416 late
488 3339 680 3417 claritatem
695 3345 887 3416 struxisset.

92 3610 713 3708 (propritlamt‘namlt'gnenm)sive(indrur
772 3623 854 3683 doctri
876 3625 1060 3694 excedentem
1073 3616 1077 3625 ¹
1092 3623 1138 3684 Ῐιίε
1160 3628 1316 3684 etiamnum
1339 3647 1395 3710 pe·

93 3740 237 3808 vocarunt,
254 3747 313 3794 nos
327 3720 422 3790 Skt'er,
464 3727 636 3812 Hispopuli
658 3729 712 3792 Se·
770 3729 855 3789 didus
873 3711 999 3790 inductis
1019 3745 1165 3790 nostrates
1176 3753 1234 3814 per
1246 3731 1395 3815 superfici-

91 3835 304 3915 ptenttlonales
328 3829 393 3894 fere
422 3851 527 3897 omnes
550 3835 582 3896 in
611 3845 709 3898 trans·
768 3858 811 3895 ern
834 3833 1129 3920 profundissimarum
1159 3838 1266 3895 ntbt'nm
1298 3849 1328 3896 et
1352 3838 1395 3894 t'n·

89 3938 408 4004 mittendis-montium
427 3939 506 4024 jugis
528 3941 598 4020 nive
621 3939 708 4004 obte·
758 3943 858 4024 strnue
881 3942 1010 4022 glaciei,
1041 3943 1071 4002 si
1091 3943 1178 4002 alias·
1197 3941 1327 4024 corporis
1341 3939 1396 3998 hn-

90 4045 140 4106 etis
166 4047 241 4111 olim
269 4044 450 4123 utebantur,
485 4045 538 4108 sed
567 4047 706 4131 inprimis
767 4048 849 4108 mani
859 4045 979 4133 pondus
1007 4067 1065 4106 non
1087 4049 1269 4114 sustentant,
1298 4048 1396 4126 t'ngrr
1474 4102 1476 4110 ,

89 4149 182 4231 linai,
203 4151 258 4238 qni
276 4163 308 4215 st
324 4149 416 4213 bodie
432 4147 552 4215 affabre
571 4171 619 4216 eas
635 4171 707 4215 con·
768 4153 897 4214 deiciatur.
920 4149 970 4230 (S)
992 4153 1025 4211 ln
1051 4148 1202 4235 Narvegis
1226 4161 1296 4209 sunt
1319 4169 1395 4210 non·

88 4252 171 4320 licere
201 4269 329 4348 norunt.
397 4259 457 4319 Eas
484 4257 527 4322 sio
563 4256 708 4321 describit
768 4257 860 4318 nullos
879 4253 1257 4336 militnmcob01·tes,'quae
1276 4249 1323 4314 bis
1347 4273 1396 4315 so·

87 4363 207 4448 Magnas
223 4361 318 4429 Olari
329 4357 464 4426 islandus
486 4361 630 4448 (primus)
646 4363 709 4426 Ed·
768 4361 986 4424 leisinstructae
1001 4359 1160 4452 excercitis
1174 4357 1395 4442 militariaper-

87 4465 129 4529 dae
148 4471 319 4556 interprest
335 4475 454 4534 Asscrcs
467 4489 535 4534 sant
549 4473 669 4554 oblongi
682 4487 711 4534 ct
772 4479 874 4552 agunt.

87 4592 249 4640 antrorsnm
278 4579 439 4648 subleuari,
464 4583 587 4660 quinque
604 4577 652 4638 oe!
670 4577 713 4638 ad
817 4578 826 4610 ¹
848 4569 960 4658 Qnt‘dns
987 4573 1164 4655 Anagninos
1191 4566 1266 4633 lanc
1294 4573 1399 4632 tributi

87 4701 221 4745 summunt
262 4703 313 4745 ses
338 4685 482 4754 ,ulnarum
516 4681 712 4765 longitudine,
771 4685 861 4764 legem
896 4673 1038 4756 tnstitnt't]
1074 4677 1122 4738 De
1155 4677 1320 4760 Arngrimo
1349 4695 1396 4738 re-

87 4785 241 4853 attendam
270 4805 338 4851 ocra
361 4806 556 4852 transuersam
573 4787 709 4876 plantam
772 4785 886 4870 basque
906 4781 943 4848 ab
961 4779 1102 4884 eogsstis
1117 4781 1175 4844 rid.
1196 4795 1260 4847 not.
1283 4781 1367 4846 uber.
