3548 5470
313 295 389 426 'to
693 351 868 422 msaon.
891 349 996 421 nan.
1023 347 1162 449 niusa
1177 349 1201 420 1.

393 567 479 637 Haec
499 561 753 638 vociferantem
776 559 963 658 liadingus
988 556 1090 631 basta
1113 559 1244 657 trajicit
1260 564 1469 631 amentata¹.
1529 557 1603 630 Sed

288 715 355 762 nec
377 692 501 760 mortis
522 683 708 760 Asmundo
731 682 856 758 solatia
885 681 1043 788 deluere.
1119 679 1304 780 Siquidem
1336 683 1427 754 iuter
1453 683 1603 780 exigrras

290 818 371 884 vitoe
401 809 571 909 reliquias
609 807 834 882 vulneratum
874 803 1109 878 interfectoris
1130 803 1262 902 pedem
1294 821 1471 903 perpetua
1502 802 1603 877 clau-

289 933 467 1008 dicatione
491 927 925 1026 mulctavit,.clademque
944 951 1053 1016 sunm
1080 925 1235 1025 parvulo
1253 925 1395 1000 ultionis
1417 943 1603 999 momento

290 1053 561 1130 memorabilem
585 1051 750 1126 reddidit.
810 1055 861 1124 lta
885 1043 1036 1124 alterum
1061 1049 1213 1121 membri
1237 1047 1420 1138 debilitas,
1450 1047 1603 1122 alterum

291 1187 372 1254 vitre
386 1178 466 1250 linis
482 1177 628 1274 excepit.
681 1177 825 1273 Corpus
840 1176 920 1271 ejus
934 1173 1071 1246 solenni
1090 1171 1215 1244 sunere
1229 1171 1362 1245 elatum
1378 1171 1478 1272 apud
1486 1175 1604 1272 Upsa·

292 1303 362 1373 lam
379 1301 485 1400 regiis
501 1313 717 1398 procuratur
732 1297 901 1395 exequiis.
944 1296 1058 1392 Cujus
1076 1295 1216 1392 conjura
1226 1293 1419 1386 Gunnilda,
1434 1319 1480 1368 ne
1494 1296 1526 1366 ei
1542 1317 1606 1368 su-

291 1427 629 1522 peresset,spiritum
646 1419 715 1492 sibi
731 1419 827 1491 ferro
843 1424 1026 1516 surripuit,
1035 1422 1229 1516 virumque
1242 1414 1317 1490 fato
1331 1419 1474 1517 insequi
1491 1445 1604 1518 quam

292 1548 363 1620 vita
387 1543 553 1618 deserere
575 1545 800 1642 praeoptavit.
858 1543 976 1638 Hujus
999 1563 1135 1640 corpus
1158 1539 1263 1611 amici
1287 1539 1483 1638 sepulture
1504 1519 1608 1613 man·

291 1667 417 1744 dantes
441 1665 557 1738 mariti
577 1662 760 1737 cineribus
796 1662 1055 1760 adjunxerunt,
1091 1661 1239 1762 dignam
1263 1663 1342 1760 ejus
1361 1661 1500 1736 tumulo
1525 1665 1605 1752 rati,

242 1785 246 1802 '
292 1794 397 1890 cujus
412 1789 594 1862 caritatem
618 1790 699 1860 vitae
725 1785 943 1885 praetulerat.
990 1789 1090 1858 Jacet
1105 1790 1226 1882 itaque
1242 1783 1605 1885 Gannildaaliquan-

293 1932 330 1986 to
343 1911 540 2012 speciosius
554 1910 673 1981 virum
688 1907 784 1981 busti
803 1933 913 2006 quam
928 1914 995 1982 tori
1013 1910 1182 1981 societate
1201 1905 1399 2005 complexa.

397 2038 481 2107 Post
493 2030 572 2104 haec
587 2029 906 2131 Hodingovictore
929 2032 1084 2105 Suetium
1102 2027 1313 2128 populante,
1336 2029 1510 2102 Asmuntli
1534 2029 1604 2102 fili-

293 2183 348 2243 us,
362 2155 441 2230 Ullo
459 2160 614 2247 nomine,
630 2153 863 2228 conserendae
889 2179 1016 2228 manus
1033 2151 1227 2226 diffidentia
1243 2151 1424 2226 adductus
1441 2154 1477 2224 in
1492 2155 1604 2226 Dani-

294 2305 352 2352 am
367 2283 561 2352 exercitum
584 2282 731 2378 trajicit,
755 2276 978 2377 hostilesque
1004 2277 1098 2350 lares
1116 2278 1295 2350 incessere
1328 2300 1438 2374 quam
1461 2282 1605 2376 propri·

294 2429 335 2478 os
350 2407 438 2476 tueri
455 2411 564 2476 satius
580 2402 697 2494 duxit,
713 2417 961 2501 opportunum
977 2396 1307 2499 propulsandorum
1324 2401 1606 2504 injuriarumge·

169 2549 173 2556 ·
295 2551 363 2600 nus
384 2530 596 2616 existimans,
619 2523 720 2624 quod
738 2525 786 2598 ab
803 2523 906 2599 hoste
929 2539 1123 2622 pateretur,
1145 2518 1285 2594 inferre.
1355 2525 1404 2594 lta
1425 2525 1536 2598 Danis
1558 2524 1606 2597 ad

297 2651 443 2750 propria
460 2645 678 2720 delensanda
701 2646 819 2722 redire
852 2644 1050 2744 compulsis
1079 2642 1307 2742 salutemque
1329 2633 1454 2742 patriae
1471 2663 1606 2721 extera·
1671 2693 1675 2698 ·

296 2799 377 2845 rum
393 2797 514 2843 rerum
531 2767 691 2841 dominio
711 2765 1255 2867 proferentibusdomes'ticum
1278 2761 1397 2839 solum
1413 2763 1607 2844 hostilibus

295 2897 402 2970 armis
418 2891 667 2968 vacuefactum
681 2891 833 2989 repetiit.

399 3019 511 3116 Igitur
534 3037 617 3085 cum
651 3009 838 3112 Hadingus
863 3039 883 3086 e
913 3011 1014 3086 bello
1048 3014 1188 3086 Svetico
1215 3037 1401 3112 regressus
1438 3016 1605 3085 aerarium

296 3163 420 3228 suum,
448 3161 524 3235 quo
546 3133 651 3208 bellis
676 3159 719 3208 ac
746 3135 870 3234 spoliis
893 3138 1062 3235 quesitas
1083 3160 1172 3234 opes
1198 3140 1363 3232 excipere
1386 3137 1608 3226 consvevit²,

298 3261 393 3332 lurto
410 3257 582 3331 violatum
603 3256 920 3350 animadverteret,
946 3263 1116 3332 continuo
1135 3256 1323 3332 custodem
1348 3259 1428 3355 ejus
1460 3257 1608 3332 Glume-

297 3406 378 3454 rum
404 3377 600 3480 suspendio
627 3384 869 3481 consumpsit,
893 3379 1099 3480 callidoque
1120 3383 1311 3456 commenti
1337 3405 1469 3480 genere
1491 3380 1610 3470 edixit,

298 3519 349 3592 ut,
372 3509 400 3577 si
417 3503 533 3601 quise
550 3507 663 3578 noxiis
679 3503 800 3578 ablata
823 3505 956 3579 referre
977 3522 1148 3597 curasset,
1173 3503 1321 3577 honoris
1336 3499 1477 3594 locum,
1499 3531 1610 3603 quem

298 3626 493 3700 Glurnerus
507 3626 729 3724 possederat,
751 3626 938 3702 obtineret
991 3631 1073 3720 Quo
1092 3627 1271 3726 promisso
1287 3627 1445 3699 sontium
1461 3623 1610 3723 quidam

301 3748 463 3822 beneficii
488 3747 711 3848 percipiendi
736 3773 847 3847 Qum
870 3751 1026 3825 criminis
1051 3747 1195 3850 tegendi
1225 3745 1418 3822 studiosior
1439 3745 1613 3840 redditus,

299 3873 491 3972 pecuniam
513 3875 587 3970 regi
607 3869 865 3969 reportandam
888 3877 1035 3947 curavit.
1089 3875 1207 3966 Quem
1225 3872 1357 3945 conscii
1381 3875 1417 3942 in
1432 3893 1613 3946 summam

301 3996 472 4095 principis
488 3995 677 4066 amicitiam
692 4012 880 4098 receptum
894 4011 1073 4095 putantes,
1089 4021 1156 4068 nec
1172 3993 1323 4104 uberius
1344 4015 1454 4092 quam
1469 3993 1615 4070 fidelius

299 4118 517 4193 honoratum
534 4115 733 4209 credenteS,
749 4135 783 4191 et
809 4121 877 4217 ipsi
901 4121 982 4218 pari
1009 4122 1145 4216 praemii
1161 4143 1227 4216 spe
1241 4115 1362 4190 relatis
1376 4117 1541 4215 pecuniis
1556 4144 1614 4190 re·

301 4259 400 4330 atum
423 4239 605 4340 detegunt.
657 4243 821 4332 Quorum
839 4239 1015 4314 confessio
1037 4244 1196 4338 primum
1214 4238 1417 4316 honoribus
1432 4264 1476 4313 ac
1499 4240 1616 4314 bene-

302 4364 391 4440 liciis
401 4379 565 4464 excepta,
587 4388 671 4462 mox
686 4361 873 4463 suppliciis
892 4367 1035 4462 punita,
1058 4361 1159 4436 baud
1179 4387 1334 4461 parrum
1356 4362 1513 4440 vitandae
1534 4388 1619 4438 cre·

355 4613 476 4672 ¹Hasra
496 4608 658 4691 mutata]
684 4616 843 4672 Amntata
870 4607 928 4671 hoe
990 4608 1099 4698 Udsigt
1116 4630 1191 4674 over
1215 4610 1355 4674 Nordens
1375 4609 1566 4693 lirigsvosen
1587 4631 1620 4694 p.

304 4727 361 4790 est,
374 4714 448 4777 loris
462 4713 615 4791 adstricta,
636 4717 746 4801 quibus
758 4718 826 4780 telis
838 4715 930 4780 bodie
990 4715 1062 4780 ΜΟ.

305 4833 432 4884 utuntur
446 4821 636 4884 Groenlandi.
654 4818 705 4903 (Sl
722 4821 849 4886 blandis
860 4823 931 4886 ltro-
1038 4821 1230 4904 ²Cousaeuit]
1260 4823 1350 4908 Apud
1377 4822 1485 4907 Stepb.
1506 4819 1620 4904 legitur

306 4925 432 5012 ltsspiot.
488 4928 535 4988 De
557 4925 655 4990 formu
685 4927 751 5006 eius
772 4927 832 4989 rid.
853 4929 931 4990 Jahn
994 4945 1030 4991 ex
1043 4928 1443 4992 commonuerimus.
