3446 5458
347 309 420 386 laid
685 311 991 400 manatense.
1016 311 1154 384 LIBER
1177 315 1233 387 nt

292 529 360 602 ita*
380 517 841 622 hesterniacpulirpcrinde
866 544 908 594 ac
938 525 1086 598 venenis
1101 521 1345 613 summat,
1367 541 1499 620 paoem
1516 545 1604 597 crue·

293 651 367 724 oris
387 649 554 745 conmgio
575 667 799 746 respersam,
832 642 970 740 potioni
990 641 1075 718 ferri
1100 667 1270 744 saporem
1294 645 1429 733 inesse,
1455 663 1608 718 maneas

293 770 408 872 dapes
422 767 592 844 bumani²
611 765 794 842 cadaveris
810 761 968 839 oliditate
985 763 1150 864 perfusas
1171 791 1215 840 nc
1232 763 1340 842 veluti
1356 763 1517 864 wdam
1542 763 1606 838 iu-

294 891 416 968 nebris
429 887 564 964 nidoris
577 888 744 962 afflatuue
769 903 956 987 corruptas
973 884 1126 962 dicebat
1185 885 1331 962 Addidit
1354 911 1518 987 quoque,
1545 909 1605 958 re-

294 1039 377 1118 gem
392 1009 583 1088 servilibus
598 1007 712 1086 ocutis
725 1031 814 1102 esse,
828 1011 987 1108 reginam
1005 1011 1074 1082 tria
1097 993 1277 1084 ancillaris
1292 1010 1381 1082 ritus
1394 1007 1520 1082 officia·
1534 1033 1607 1105 pra

294 1161 334 1212 se
351 1134 485 1228 tulisse,
507 1159 583 1208 non
600 1147 674 1206 tam
692 1155 833 1206 coenam
857 1155 968 1229 quam
986 1133 1066 1230 ejus
1095 1148 1260 1208 auctores
1287 1129 1401 1230 plenis
1423 1129 1608 1229 opprobrii

295 1259 466 1336 conviciis
480 1261 667 1332 insecutus.
693 1254 759 1328 Cui
773 1278 858 1326 mox
871 1257 972 1345 socii,
988 1257 1177 1353 pristinum
1194 1255 1319 1328 mentis
1334 1255 1458 1326 vitium
1473 1277 1608 1351 expro-

295 1383 451 1472 brantes,
467 1379 573 1452 variis
592 1374 797 1478 petulantiae
812 1373 978 1450 ludibriis
993 1374 1165 1452 insultare
1183 1391 1382 1474 coeperunt,
1397 1373 1503 1475 quod
1518 1399 1608 1474 pro-

296 1501 417 1580 banda
430 1498 606 1600 culparet,
630 1513 839 1574 causaretur
856 1496 997 1591 idonea,
1015 1499 1118 1600 quod
1134 1500 1309 1599 insignem
1335 1521 1458 1598 regem
1482 1493 1606 1571 excul-

296 1645 442 1725 tamque
467 1621 631 1698 moribus
653 1620 838 1696 foemiuam
860 1647 990 1720 parum
1029 1619 1183 1696 honesto
1219 1643 1384 1694 sermone
1411 1617 1609 1709 lacesseret,

296 1745 517 1843 laudemque
530 1746 677 1820 meritos
696 1744 841 1818 estrend
857 1741 1042 1817 dedecoris
1059 1741 1258 1842 opprobrio
1275 1743 1510 1840 respersisset

429 1867 569 1960 Quibus
593 1891 657 1940 rex
685 1891 728 1940 cx
762 1865 912 1941 satellite
938 1867 1108 1966 cognitis,
1139 1863 1263 1938 talium
1296 1879 1478 1938 auctorem
1501 1887 1609 1962 supra

297 1987 487 2066 mortalem
502 1985 664 2062 habitum
679 2003 743 2060 ant
760 2011 888 2087 sapere
915 2004 977 2060 aut
1000 1986 1162 2086 desipere
1181 2003 1332 2062 testatus
1342 2001 1406 2080 est,
1422 2003 1496 2064 tam
1512 2012 1608 2086 pau-

299 2115 351 2190 cis
379 2109 499 2190 verbis
524 2107 817 2208 perfectissimam
844 2109 1028 2184 industriae
1053 2105 1291 2182 altitudinem³
1327 2107 1610 2209 complectendo.

297 2234 512 2311 mum
528 2229 658 2304 deinde
680 2231 844 2324 villicum,
864 2231 962 2306 unde
987 2254 1119 2330 panem
1143 2229 1352 2321 adsciverat,
1374 2247 1609 2330 percontatur.

299 2357 372 2452 Qui
404 2379 519 2455 quarn
545 2378 630 2454 euru
664 2351 850 2430 domestici
880 2356 1022 2454 pistoris
1053 2377 1165 2452 opera
1196 2354 1400 2428 consectum
1428 2368 1611 2443 assereret,

298 2479 495 2556 terciana
509 2479 603 2572 item,
629 2478 694 2554 ubi
711 2482 866 2552 materiae
881 2479 960 2576 ejus
975 2500 1078 2576 seges
1093 2477 1280 2567 crevisset,
1310 2491 1345 2550 et
1363 2501 1410 2548 an
1427 2474 1545 2550 ullum
1562 2473 1610 2546 il-

290 2591 346 2678 'tte
359 2600 527 2678 bumana
542 2606 669 2702 magis
688 2600 861 2674 iudicium
883 2615 1024 2674 extaret.
1094 2601 1162 2692 Qui
1180 2597 1375 2697 respondit,
1401 2595 1503 2675 baud
1519 2621 1611 2696 prc-

299 2721 362 2800 enl
390 2721 519 2802 abesae
545 2747 716 2822 campum
745 2724 892 2796 venistis
925 2720 1188 2796 interfectorum
1218 2719 1361 2800 essibus
1392 2719 1550 2795 obsitum
1579 2735 1612 2792 ct

297 2843 420 2922 ndbnc
434 2843 625 2920 manifesta
640 2848 795 2943 andqtue
813 2847 939 2944 anagia
957 2845 1105 2944 vestigia
1121 2869 1198 2942 prae
1223 2867 1262 2918 se
1277 2843 1468 2936 ferentem,
1503 2867 1612 2942 quem

299 2994 325 3045 a
344 2993 397 3062 se,
421 2962 573 3066 perinde
593 2989 636 3040 ac
654 2966 793 3040 escuris
818 2963 1041 3060 feraciorem,
1063 2971 1195 3065 opime
1220 2965 1391 3042 ubertatis
1406 2991 1473 3065 spe
1503 2991 1613 3040 verna

298 3089 404 3192 lunga
419 3101 623 3164 consertum
637 3085 787 3162 dicebat
856 3091 982 3188 ltaque
1008 3111 1047 3162 se
1071 3093 1220 3182 nescire,
1244 3115 1290 3162 an
1316 3090 1420 3187 panis
1436 3087 1509 3164 hoc
1527 3089 1613 3164 tabo

300 3212 417 3288 vitiosi
431 3215 626 3310 qmoquam
639 3215 779 3308 saporis
798 3217 1016 3286 contraxerit.
1067 3213 1149 3304 Quo
1164 3209 1287 3284 audito
1303 3214 1390 3306 Rex,
1405 3210 1614 3286 Amlethum

299 3357 389 3410 vera
414 3329 545 3406 dixisse
565 3330 792 3428 conjectans,
835 3331 933 3408 unde
957 3331 1102 3408 landam
1123 3359 1273 3433 quoque
1306 3332 1451 3408 allatum
1479 3332 1617 3426 suisset,

300 3477 515 3558 cognoscere
529 3477 624 3551 curae
638 3451 773 3528 habuit.
796 3452 860 3528 Ille
874 3477 957 3530 sues
965 3458 1164 3556 suos⁴‚pcr
1174 3461 1348 3530 incuriam
1361 3455 1524 3530 custodia
1534 3455 1617 3528 ela-

299 3599 408 3680 psos,
432 3574 531 3676 putri
554 3574 702 3650 latronis
725 3575 903 3653 cadavere
920 3593 1045 3677 pastos
1067 3577 1314 3670 asseverabat,
1343 3576 1501 3678 ideoque
1525 3579 1619 3654 sorte

300 3723 429 3776 eoram
450 3695 620 3774 omnibus
653 3700 873 3798 corruptioni
895 3699 1038 3774 affinem
1052 3701 1239 3774 incessisse
1255 3725 1433 3800 saporem.
1493 3704 1619 3794 Quum

300 3845 363 3896 rex
378 3815 501 3894 iubae
517 3843 667 3920 quoque
681 3845 845 3896 veracem
858 3819 1017 3897 Arnlethi·
1029 3823 1236 3896 sententiam
1251 3828 1499 3922 comperisset,
1515 3847 1620 3924 qno-

345 4039 452 4127 ¹Quid
464 4032 522 4119 da]
535 4032 593 4100 Ed.
606 4057 654 4122 pr.
667 4033 859 4122 habettan'd
868 3987 925 4123 tgt-
986 4050 1128 4124 spectant
1143 4035 1182 4102 ad
1195 4059 1343 4104 summam
1364 4040 1397 4102 in
1417 4040 1550 4105 occultis
1574 4061 1623 4104 re-

299 4162 349 4209 tur
364 4149 418 4210 ita.
463 4137 648 4226 stephanius
666 4141 735 4226 jure
748 4163 804 4206 sno
824 4143 926 4207 omisit
987 4167 1056 4210 rum
1085 4143 1302 4230 hominumque
1332 4144 1502 4230 originibus
1536 4145 1623 4209 dete-

145 4279 150 4290 ·
299 4256 393 4338 igitar
405 4267 424 4315 c
438 4243 683 4336 pretendentibus
696 4247 870 4333 repetitum.
988 4247 1095 4335 gaudis
1108 4250 1277 4314 sollertiam
1290 4247 1515 4314 declarandam.
1554 4253 1625 4317 Sin·

279 4407 283 4416 .
343 4348 507 4434 ‘flammi
521 4354 566 4416 lta
574 4353 758 4439 stephanius
770 4364 930 4417 rectamn-
987 4356 1059 4441 gula
1082 4373 1157 4422 varo
1184 4353 1228 4419 ita
1259 4367 1436 4441 comparata
1464 4368 1560 4438 aunt,
1589 4369 1624 4419 ut

299 4458 374 4524 nino
386 4458 491 4544 posue
503 4461 700 4543 prohumaua
711 4458 745 4521 in
757 4455 816 4522 Ed.
829 4458 928 4544 princ.
988 4475 1078 4526 autor
1090 4481 1155 4525 non
1171 4459 1211 4525 ad
1225 4481 1272 4542 ea,
1289 4481 1359 4548 qua
1376 4460 1443 4526 veri
1457 4463 1565 4526 ment
1584 4461 1625 4524 ri·

334 4567 359 4604 ‘⁸
375 4563 623 4651 Perfictiasimam
643 4565 795 4630 uacca
824 4566 928 4628 nitt'tm
987 4567 1081 4646 anilis,
1100 4563 1155 4632 ted
1171 4565 1211 4631 ad
1235 4585 1282 4646 et,
1303 4587 1373 4652 qnae
1392 4565 1534 4632 scutata
1549 4589 1625 4654 qna·

299 4665 410 4750 damet]
443 4666 586 4766 Quinque
615 4669 761 4734 mmuinis
789 4670 926 4735 Amletbi
987 4672 1058 4738 mm
1071 4672 1257 4739 inmutinnis
1272 4691 1338 4737 sese
1357 4671 1626 4752 commendarent,

298 4771 621 4860 mantuanensis
636 4771 829 4856 rffmntur,
845 4775 928 4860 ajus-
987 4779 1155 4864 mpexiata
1169 4777 1317 4854 videatur.

302 4877 373 4942 ᾶοιιι
394 4885 466 4940 sunt
491 4874 618 4961 gennit.
694 4879 805 4945 Omnia
845 4881 927 4945 enim
1034 4883 1165 4969 ‘Stepb
1184 4911 1247 4950 aaa
