3506 5458
688 328 905 402 CANUTUS.
1316 328 1389 400 52³

272 543 325 614 Eo
339 534 507 638 temporis
516 535 756 614 Gutbscaicus
779 537 996 628 scorteum,
1010 539 1144 610 eximie
1158 535 1288 612 indolis
1310 535 1440 610 odoie-

140 683 256 750 scens,
280 659 523 738 commilitium
545 664 640 762 regis
657 660 833 760 stipendia
848 663 1037 734 meriturus
1052 665 1205 733 accessit
1265 665 1336 734 isa
1360 661 1441 729 Pri-

140 782 296 884 btgneso
319 799 439 884 patre,
464 783 648 858 Christiani
678 783 795 858 cuitus
831 785 1068 857 amantissimo
1102 779 1399 880 deficientemque
1421 805 1441 852 a

142 905 313 1006 reiigione
329 906 502 980 Solarium
518 907 758 1004 nequicquam
774 931 945 980 revocare
968 887 1137 995 conante,
1172 919 1301 1002 preter
1323 911 1441 975 natio-

139 1029 194 1101 nis
209 1053 284 1100 suoe
302 1053 437 1102 morem
463 1027 702 1126 percipiendae
729 1028 910 1100 literarum
936 1026 1132 1126 disciplinae
1146 1029 1257 1126 grstia
1280 1025 1442 1100 docturi-

65 1155 68 1162 “
140 1149 209 1223 bus
224 1149 384 1236 traditus,
403 1167 442 1224 ut
458 1175 540 1224 eum
563 1150 797 1224 aSaxonibus
813 1149 991 1249 potiendae
1006 1149 1154 1222 Solariae
1170 1147 1312 1247 cupidis
1329 1151 1442 1220 inter-

138 1289 301 1370 emptum
320 1275 498 1374 cognovit,
523 1273 706 1347 efferatum
735 1273 913 1372 ingenium
930 1271 999 1344 leni
1016 1270 1136 1346 studio
1153 1273 1334 1346 mitescere
1352 1295 1441 1368 pas-

139 1419 202 1468 sus
218 1421 289 1467 noo
305 1411 364 1470 est.
417 1397 578 1494 Repente
593 1398 687 1468 enim
709 1396 816 1469 armis
830 1394 991 1470 scholam
1008 1397 1165 1487 mutavit,
1182 1413 1229 1485 et,
1250 1419 1296 1466 ne
1315 1393 1444 1466 attent-

141 1518 222 1616 geui
239 1519 369 1617 ingenii
392 1522 640 1590 exercitatione
660 1519 793 1616 patrios
813 1529 899 1592 rttus
917 1519 1054 1616 pigrius
1076 1532 1370 1615 prosequeretur,
1396 1517 1445 1588 tt-

139 1653 297 1713 terarum
314 1639 450 1714 coitum
474 1645 509 1712 in
524 1642 724 1714 tirocinium
752 1643 864 1730 verit,
890 1641 1099 1738 omissoque
1122 1638 1293 1713 doctriuoe
1315 1637 1444 1729 studio,

140 1768 273 1834 strenui
298 1760 447 1838 vindicis
464 1787 573 1861 quom
589 1769 706 1862 ignavi
733 1759 895 1860 discipuli
911 1777 1029 1860 partes
1050 1785 1156 1861 agere
1173 1761 1306 1851 maluit,
1324 1759 1445 1834 ouda-

141 1899 217 1956 cter
244 1909 355 1982 quom
372 1882 543 1958 industrie
560 1889 677 1960 animo
702 1893 751 1960 uti
778 1889 886 1959 satius
908 1900 1106 1958 autumans.
1162 1887 1287 1982 ltaque
1309 1893 1445 1957 iraturu

139 2008 253 2105 magis
268 2028 378 2107 quarn
387 2011 619 2106 preceptoris
635 2013 776 2082 monitis
790 2007 995 2099 obsecutus,
1020 2025 1123 2106 parta
1137 2007 1281 2080 tandem
1299 2007 1445 2096 uitione,

140 2132 267 2204 Canuti
287 2129 532 2204 commilitium
546 2137 723 2228 expetivit.
774 2133 825 2200 lta
841 2128 1076 2202 adolescentis
1093 2153 1205 2221 mens,
1220 2133 1254 2202 in
1272 2133 1352 2229 ipso
1371 2129 1446 2203 do-

140 2254 257 2324 ctrinte
270 2249 390 2326 limine
404 2255 545 2327 saevitiae
557 2249 703 2326 stimulis
720 2257 924 2350 intercepta,
939 2250 1105 2344 studiosae
1120 2255 1264 2340 rationis
1282 2254 1446 2327 sicuten-

141 2381 185 2449 tis
200 2377 396 2474 ingenitum
415 2377 574 2473 sangvini
592 2397 660 2448 suo
677 2376 832 2474 rigorem
853 2397 1059 2472 expugnare
1072 2399 1144 2447 non
1158 2376 1280 2473 potuit.

274 2493 413 2568 Eodem
430 2510 591 2595 tempore
604 2496 704 2595 apud
729 2500 879 2569 Daciam
900 2521 1083 2570 sacrorum
1107 2500 1273 2572 antistites
1296 2497 1372 2572 aliis
1387 2498 1445 2572 alii

140 2619 362 2715 successisse]
377 2617 573 2692 traduntur.
623 2624 713 2692 Nam
731 2619 945 2692 Gerbrando
960 2619 1186 2694 substituitur
1202 2627 1358 2718 Avaco²;
1376 2625 1447 2696 Ot-

137 2741 320 2818 tbincarus
344 2745 471 2842 junior
494 2748 659 2844 Ripensis
686 2743 867 2842 pontifex³
895 2759 1045 2818 creatur.
1113 2745 1291 2818 Caeterum
1319 2748 1446 2834 Canu-3

187 3061 194 3096 ¹
226 3062 418 3124 Guthscaicus
450 3058 612 3142 Sciauicus]
648 3065 696 3124 Dc
728 3081 764 3124 eo
824 3062 966 3146 bugiiam
979 3058 1183 3144 proficiscenti
1201 3080 1311 3122 nomeu
1329 3059 1449 3150 didisset

139 3166 235 3228 multa
256 3167 398 3248 leguntur
415 3165 494 3252 apud
517 3166 664 3230 Adamum
687 3173 763 3231 Bre—
822 3172 869 3231 Ex
895 3167 977 3230 hisce
1001 3167 1206 3254 igiturpatet,
1225 3170 1373 3231 saxonem
1394 3192 1448 3234 sua

139 3292 273 3335 mensem
288 3271 382 3351 (Hist.
396 3258 501 3338 coetos.
517 3249 610 3336 tituil
630 3295 694 3360 cap.
711 3271 763 3354 48,
822 3272 860 3337 dc
881 3275 1065 3340 Gutbscaicu
1086 3277 1259 3360 neutiquam
1282 3295 1318 3339 ex
1331 3276 1449 3342 Adamo

139 3377 192 3458 59,
210 3373 262 3443 nt.
280 3383 318 3442 ru
343 3401 400 3464 up
423 3361 475 3460 it,
497 3378 617 3458 tutto.
639 3384 762 3464 tvcap.
825 3379 966 3444 hausisse.
1355 3461 1357 3468 Α

141 3483 195 3564 11)
207 3497 238 3565 ei
253 3485 449 3549 Helmoidum
460 3485 625 3566 (Chronica
638 3489 763 3550 Sciam-
868 3489 1067 3550 ²Gerbrando
1106 3489 1292 3550 substituitur
1335 3486 1450 3574 Aeaco]

139 3590 597 3678 rumiib.icap.18‚20,29).
655 3593 697 3654 Hi
711 3613 764 3676 ps·
825 3592 957 3656 Adamas
972 3594 1219 3657 Recursusilist.
1234 3596 1404 3658 ecciesiib.
1423 3600 1451 3662 ll

140 3711 221 3762 trem
236 3699 413 3764 Gutbscailti
428 3697 765 3776 iaciuottttonemttti-
826 3719 894 3783 cap.
922 3694 978 3762 45:
1006 3703 1153 3762 Libentius
1186 3707 1215 3764 io
1246 3703 1357 3786 Selmtd
1377 3706 1451 3764 Ger-

138 3805 238 3870 aicvoi
261 3804 373 3884 filium,
401 3803 453 3866 sed
469 3806 588 3867 Gneum
610 3805 767 3868 nominant
827 3807 938 3868 brunda
951 3807 1120 3890 subrogavit
1137 3811 1307 3878 Auocooem,
1349 3807 1451 3891 Sttetttt¹

140 3912 281 3992 tertium,
298 3913 350 3996 qui
372 3932 439 3974 cunt
458 3913 595 3994 duatrog
615 3925 646 3976 ct
666 3917 765 3976 Utone
829 3911 963 3996 bggonis
988 3931 1053 3996 cap.
1073 3907 1094 3972 5
1117 3907 1242 3994 (Script.
1267 3915 1450 3974 1·er.l)au.1

138 4019 256 4082 Sciatis
277 4015 446 4102 praefuerit.
497 4019 607 4078 Narrat
625 4015 768 4099 Adamas,
826 4039 856 4100 p.
876 4015 948 4098 55):
971 4020 1170 4082 Gerbrordum
1185 4019 1318 4082 Cornutus
1339 4021 1451 4084 itast-at·

139 4123 373 4202 Guibscelcum,
407 4122 439 4194 iu
469 4121 653 4184 monasterio
686 4121 767 4206 apud
827 4127 911 4186 densi
922 4129 1047 4210 promum
1056 4128 1191 4210 prteject't
1205 4127 1339 4186 ecclest‘oe.

140 4228 309 4312 Laneburg
328 4229 497 4306 educatum,
517 4247 585 4290 cum
606 4226 789 4300 audivisset,
875 4231 1092 4292 'Ottdtitcorus
1105 4232 1209 4312 suntor
1228 4233 1363 4316 liupcuu's
1375 4257 1453 4318 pou-9

138 4351 259 4422 patrem
279 4359 296 4398 a
314 4333 469 4419 transfuga
482 4337 599 4398 Saxone
613 4333 702 4396 inisse
722 4334 768 4396 in·
826 4333 914 4414 trjee]
937 4337 983 4396 lic
996 4355 1033 4398 eo
1052 4335 1116 4396 viro
1133 4335 1199 4398 baec
1216 4335 1357 4420 leguntur
1371 4337 1452 4422 apud

137 4441 313 4518 tarseorum,
336 4440 445 4504 litteris
467 4461 533 4504 curn
560 4439 619 4503 iide
643 4441 767 4518 relictis,
828 4440 978 4504 Adamum
987 4447 1088 4506 Brenn.
1097 4440 1278 4504 bistecsles.
1290 4440 1341 4502 tib.
1353 4445 1452 4528 ilcap.

138 4570 171 4614 sc
203 4547 374 4634 adjunxisse
406 4545 575 4608 latronibus
607 4559 639 4608 et
674 4549 769 4612 muita
828 4542 885 4609 26:
927 4549 1000 4632 Ejus
1022 4547 1183 4636 (Odinbari
1205 4545 1344 4626 senioris)
1367 4550 1455 4630 disci·¹

139 4657 217 4720 rusia
231 4651 398 4720 Senonibus
414 4649 561 4728 intulisse,
584 4651 704 4743 tandem
719 4673 768 4716 re·
826 4658 915 4741 pulos
934 4672 963 4718 et
985 4657 1145 4742 ttupossut't
1168 4657 1243 4718 alter
1259 4655 1393 4718 Odutiur
1400 4655 1452 4736 ju·

138 4786 175 4827 ro
193 4786 210 4826 a
228 4767 311 4826 Duce
331 4751 511 4822 bernhardo
527 4753 617 4818 fuisse
633 4771 769 4844 captum,
828 4766 906 4832 nior,
928 4779 955 4824 et
971 4766 1033 4848 ipsc
1051 4764 1166 4849 nobilis¹
1182 4763 1217 4824 de
1235 4765 1327 4850 stet?
1349 4767 1453 4826 sattius

139 4869 178 4932 ab
192 4889 229 4932 eu
245 4880 345 4933 autem
358 4853 522 4938 dimissum}
538 4863 766 4950 Canutotugiin
828 4869 991 4939 Doctorum,
1013 4869 1092 4930 ditus
1106 4873 1188 4956 agri,
1208 4869 1280 4932 odeo
1293 4886 1325 4932 ut
1338 4893 1374 4930 ec
1390 4869 1452 4950 ejus
