3476 5460
392 303 467 382 tte
725 305 901 380 unsrun„
917 303 1023 418 nott
1041 303 1181 378 nunu
1196 306 1282 377 vm

339 520 420 594 latis
432 517 547 618 glebis
567 516 702 605 excute
727 514 997 590 fantasmatum
1015 513 1307 612 crebrisemjieit
1327 518 1433 604 saxis,
1451 518 1524 588 inm
1543 515 1636 602 vallo,
1712 619 1713 630 ἵ

339 640 494 715 tricliniis
528 637 662 729 media,
709 663 850 712 summa
880 636 1163 736 propugnaculis
1200 637 1314 710 cinxit.
1391 639 1502 710 Sectu
1538 636 1636 712 undi-

338 786 411 862 que
430 765 536 862 juges
550 761 715 834 excubias
730 761 815 834 fixit.
879 764 1044 852 Quatuor
1065 773 1179 858 portae
1204 759 1447 856 magnitudine
1469 775 1637 856 praestan-

338 901 391 960 tes
416 910 437 956 a
460 881 605 958 totidem
625 883 741 984 plagis
763 883 972 956 irrestrictos
998 883 1115 956 nditm
1139 879 1281 954 dabant.
1333 885 1373 952 ln
1390 879 1502 978 hujus
1513 879 1637 954 domus

304 1089 307 1098 ,
337 1007 633 1107 magnificentiam
667 1031 811 1080 omnem
848 1031 961 1103 opum
1002 1029 1150 1078 suarum
1194 1019 1407 1101 apparatum
1435 1004 1635 1102 congessit¹.

338 1135 389 1204 lta
417 1128 618 1202 domesticis
637 1128 747 1202 rebus
776 1130 1002 1226 cumpositis,
1027 1151 1173 1200 rursum
1199 1131 1233 1198 in
1260 1142 1421 1198 externas
1444 1125 1635 1223 cupidinem

336 1251 448 1324 vertit
499 1253 611 1348 lgitur
633 1233 861 1350 navigatione
883 1265 1018 1348 coepta,
1051 1263 1208 1347 quatuor
1231 1249 1359 1322 fratres
1372 1271 1505 1347 genere
1522 1245 1636 1320 llelle-

334 1378 536 1472 spontieos²
558 1374 689 1447 obvios
707 1373 837 1472 pelago
853 1373 966 1446 laetos
980 1373 1210 1472 piraticaeque
1224 1368 1424 1444 admodum
1438 1368 1565 1444 studiis
1581 1391 1636 1442 as-

334 1511 458 1572 svetos
472 1499 646 1570 maritima
663 1521 786 1595 pugna
809 1511 977 1568 attentare
991 1519 1064 1568 nun
1086 1493 1228 1570 distulit
1279 1498 1373 1586 ‘Qua
1397 1489 1517 1566 triduo
1537 1507 1636 1592 gesta,

335 1641 496 1696 sororem
521 1643 648 1692 eorum
674 1643 759 1690 curn
780 1617 966 1690 medietate
992 1617 1134 1712 tributi,
1165 1643 1242 1718 qun
1266 1619 1381 1692 victus
1402 1629 1635 1698 onemverant,

333 1757 461 1842 pamm
487 1739 650 1839 praelium
669 1741 860 1815 revocavit.
1514 1719 1517 1730 ¹

466 1869 551 1936 Post
577 1861 656 1934 haec
678 1863 847 1934 Livor-um
872 1865 965 1962 regis
999 1863 1094 1937 lilius
1119 1865 1245 1938 lliecu³
1271 1862 1494 1961 captivitate,
1533 1885 1632 1960 quam

333 1985 404 2060 sub
418 1989 623 2058 inemoratis
645 1983 815 2060 fracibus
837 1985 1012 2077 ducebat,
1044 1983 1190 2084 elapsus
1230 1987 1484 2079 innuerieum,
1516 2011 1538 2058 a
1567 2009 1632 2082 quo

331 2107 421 2184 olim
443 2108 613 2182 fratribus
644 2105 816 2205 spoliatus
850 2107 983 2198 fuerat,
1033 2111 1171 2207 injuriae
1197 2106 1296 2182 haud
1326 2107 1462 2184 oblitus
1485 2109 1632 2180 accessit

330 2229 441 2329 utpud
459 2253 568 2328 quem
588 2231 776 2331 benignius
793 2231 952 2321 habitus,
987 2231 1088 2306 brevi
1101 2255 1313 2306 arcanorum
1337 2233 1500 2304 munium
1515 2228 1633 2304 arbiter

332 2352 524 2453 singularis
546 2359 666 2427 evasit.
740 2357 846 2426 Hunc
867 2370 908 2426 ut
926 2354 1000 2426 suis
1021 2379 1088 2452 per
1111 2360 1231 2428 omnia
1259 2353 1484 2427 tractabilem
1504 2353 1630 2426 moniis

329 2475 448 2564 sensit,
476 2480 591 2550 iures
616 2499 733 2573 quam
751 2479 903 2548 maxime
928 2474 1024 2548 iaetu
1046 2473 1272 2550 detestabiles
1290 2475 1550 2552 consultantem
1569 2475 1630 2546 ad-

331 2596 443 2691 duxit,
470 2613 578 2696 atque
592 2596 638 2670 ad
653 2596 788 2672 scelera
806 2595 1008 2695 flagitiaque
1025 2598 1276 2672 committenda
1291 2598 1483 2696 compellit.
1543 2597 1629 2668 Adeo

330 2719 483 2794 nocendi
498 2735 611 2792 artem
624 2720 788 2816 obsequii
805 2716 1031 2793 simulatione
1042 2719 1221 2818 captabat.
1272 2723 1455 2818 Praecipue
1472 2748 1553 2795 eum
1568 2717 1627 2792 ad·

329 2867 476 2918 uersum
503 2867 584 2933 ecs,
617 2866 712 2941 quos
732 2843 906 2940 sanguine
932 2847 1093 2938 proxime
1114 2843 1338 2940 contigisset,
1362 2844 1536 2916 armabat.
1587 2844 1627 2912 tn

330 2964 521 3039 flaternmn
538 2964 720 3054 ultionem,
745 2969 831 3061 quia
848 2963 983 3038 viribus
998 2963 1180 3062 nequibat,
1205 2964 1333 3041 fraude
1346 2968 1478 3066 exequi
1491 2979 1626 3064 perteu-

330 3087 456 3160 tabat..
491 3091 573 3182 Quo
589 3089 716 3179 evenit,
742 3101 781 3159 ut
803 3109 876 3178 rex,
893 3089 1063 3178 virtutum
1078 3087 1158 3160 loco
1173 3092 1339 3162 vitiorum
1352 3087 1478 3162 sordes
1497 3085 1627 3184 ample-

326 3233 408 3300 xus,
422 3211 472 3282 ob
490 3237 543 3304 ea,
559 3235 641 3310 quae
656 3208 783 3309 perfidi
800 3207 1157 3306 moniturisnimpulsu
1172 3215 1336 3283 atrociter
1351 3226 1520 3308 gesserat,
1533 3233 1626 3282 eum-

328 3331 499 3406 munibus
515 3339 551 3406 in
569 3357 608 3407 se
622 3334 743 3408 locum
759 3330 849 3406 odiis
860 3329 972 3404 daret.
1022 3330 1226 3406 Adversum
1242 3357 1352 3430 quern
1366 3335 1473 3404 etium
1488 3330 1603 3406 sclavo

327 3475 411 3528 rum
435 3451 608 3530 tumultus
633 3459 799 3528 exoritur.
830 3457 944 3553 Cujus
969 3452 1132 3551 sepiendi
1153 3459 1262 3554 gratia
1287 3452 1399 3529 duces
1420 3479 1545 3528 eorum
1566 3475 1623 3526 ct-

326 3591 424 3674 ptos,
440 3578 590 3674 trajectis
604 3578 692 3650 lune
706 3574 811 3670 tibiis,
837 3577 939 3676 equis
956 3580 992 3648 in
1008 3574 1147 3649 diverso
1165 3576 1386 3674 raptantibus
1402 3577 1556 3675 praebuit
1572 3575 1623 3647 la-

324 3695 512 3772 cerandos.
563 3703 603 3774 ln
619 3699 716 3772 bunc
731 3697 882 3772 modurn
897 3699 1099 3800 consumpti
1121 3703 1297 3796 principes
1325 3701 1520 3797 corporum
1541 3724 1622 3776 suo-

373 4028 516 4090 ¹Omnem
537 4053 622 4116 opum
637 3999 814 4115 apparatum
833 4052 951 4112 conges-
1012 4031 1124 4092 Noster
1155 4030 1279 4092 Graeeos
1304 4026 1475 4107 intellexit,
1509 4025 1627 4090 fortun

179 4193 181 4196 .
325 4129 379 4215 sit]
387 4133 502 4197 Mentio
516 4132 606 4215 hujus
618 4131 751 4196 thesauri
767 4131 846 4196 baud
860 4131 951 4196 dubie
1013 4145 1099 4198 ortos
1119 4154 1155 4198 ex
1175 4133 1272 4218 stirpe
1293 4133 1434 4197 lichno.
1484 4135 1574 4198 Plura
1594 4125 1627 4191 de

320 4239 450 4325 repicit
473 4237 514 4303 ad
539 4237 659 4304 tabulas
675 4244 793 4304 ieteaes
815 4239 853 4302 de
874 4237 951 4304 diri·
1009 4237 1058 4304 bis
1079 4238 1148 4304 vide
1168 4237 1202 4304 iu
1220 4251 1287 4304 aot.
1307 4237 1392 4304 uber.

326 4345 376 4410 tiis
389 4347 421 4409 in
442 4366 512 4409 erce
532 4345 725 4410 Ermauariei
744 4346 825 4430 regie
838 4364 952 4430 nonge-

323 4450 557 4537 ttis,qum(rid.
578 4452 705 4516 (ir-imm.
722 4451 779 4518 Die
794 4451 948 4516 Dentsebe
1054 4447 1178 4532 'BucoJ
1198 4447 1282 4517 tdem
1303 4450 1366 4528 ills,
1380 4451 1434 4535 qai
1452 4452 1486 4518 in
1510 4451 1627 4516 tttor'n

323 4557 517 4644 Heldenaage
530 4579 575 4642 p
604 4556 657 4638 17)
678 4561 711 4620 in
730 4559 865 4622 carmine
886 4561 950 4622 An·
1009 4551 1425 4641 Volumni-ancepsttttt
1439 4553 1625 4624 discursit-

319 4665 519 4748 glotaaoaieo
535 4662 574 4726 de
587 4662 688 4730 Gestis
709 4667 869 4732 Βιιιοιιιιιι
887 4683 950 4728 mo·
1006 4663 1039 4728 li
1060 4675 1092 4726 et
1112 4663 1147 4727 iu
1180 4661 1391 4747 Willinosoga
1417 4663 1484 4728 eive
1507 4657 1625 4726 biatoria

324 4767 578 4852 monentur(edit.
596 4769 774 4834 'lburltelini
788 4795 818 4856 p.
831 4770 949 4853 tir-tlt).
1008 4767 1193 4836 'l'beddoriui
1218 4768 1312 4854 Regia
1335 4787 1402 4854 rap.
1421 4763 1557 4834 alsait
1572 4787 1624 4848 ap

369 4880 513 4938 ²Fratres
537 4875 781 4961 Hellespontiaca]
806 4876 948 4942 Forsitan
1009 4875 1143 4960 pellatur
1162 4874 1258 4941 Sillte.
1349 4931 1379 4958 4,
