<?xml version="1.0" encoding="UTF-8"?>
<!DOCTYPE html PUBLIC "-//W3C//DTD XHTML 1.0 Transitional//EN"
    "http://www.w3.org/TR/xhtml1/DTD/xhtml1-transitional.dtd">
<html xmlns="http://www.w3.org/1999/xhtml" xml:lang="en" lang="en">
 <head>
  <title>
</title>
<meta http-equiv="Content-Type" content="text/html;charset=utf-8" />
  <meta name='ocr-system' content='tesseract 3.04.00' />
  <meta name='ocr-capabilities' content='ocr_page ocr_carea ocr_par ocr_line ocrx_word'/>
</head>
<body>
  <div class='ocr_page' id='page_1' title='image "./historiadanica00velsgoog_0321.png"; bbox 0 0 3442 5456; ppageno 0'>
   <div class='ocr_carea' id='block_1_1' title="bbox 363 311 1344 411">
    <p class='ocr_par' dir='ltr' id='par_1_1' title="bbox 363 311 1344 411">
     <span class='ocr_line' id='line_1_1' title="bbox 363 311 1344 411; baseline -0.003 0"><span class='ocrx_word' id='word_1_1' title='bbox 363 341 437 411; x_wconf 84' lang='lat' dir='ltr'><strong>ano</strong></span> <span class='ocrx_word' id='word_1_2' title='bbox 691 323 1000 408; x_wconf 78' lang='lat' dir='ltr'><strong>&#39;ursaonoru</strong></span> <span class='ocrx_word' id='word_1_3' title='bbox 1026 333 1236 408; x_wconf 79' lang='lat' dir='ltr'><strong>auuuvr</strong></span> <span class='ocrx_word' id='word_1_4' title='bbox 1338 311 1344 318; x_wconf 85' lang='lat'>&#39;</span> 
     </span>
    </p>
   </div>
   <div class='ocr_carea' id='block_1_2' title="bbox 235 541 1711 4314">
    <p class='ocr_par' dir='ltr' id='par_1_2' title="bbox 311 541 1631 2118">
     <span class='ocr_line' id='line_1_2' title="bbox 312 541 1631 646; baseline -0.01 -18"><span class='ocrx_word' id='word_1_5' title='bbox 312 549 512 628; x_wconf 89' lang='lat' dir='ltr'><strong>adulterino</strong></span> <span class='ocrx_word' id='word_1_6' title='bbox 534 545 694 645; x_wconf 83' lang='lat' dir='ltr'><strong>quodam</strong></span> <span class='ocrx_word' id='word_1_7' title='bbox 711 543 859 617; x_wconf 91' lang='lat' dir='ltr'><strong>dulcore</strong></span> <span class='ocrx_word' id='word_1_8' title='bbox 869 545 1067 634; x_wconf 88' lang='lat' dir='ltr'><strong>remitteret,</strong></span> <span class='ocrx_word' id='word_1_9' title='bbox 1085 561 1146 617; x_wconf 91' lang='lat' dir='ltr'><strong>aut</strong></span> <span class='ocrx_word' id='word_1_10' title='bbox 1161 545 1291 644; x_wconf 79' lang='lat' dir='ltr'><strong>priseae</strong></span> <span class='ocrx_word' id='word_1_11' title='bbox 1298 541 1518 646; x_wconf 60' lang='lat' dir='ltr'><strong>frugalitatis</strong></span> <span class='ocrx_word' id='word_1_12' title='bbox 1535 568 1631 616; x_wconf 88' lang='lat' dir='ltr'><strong>nor-</strong></span> 
     </span>
     <span class='ocr_line' id='line_1_3' title="bbox 312 665 1631 767; baseline -0.009 -17"><span class='ocrx_word' id='word_1_13' title='bbox 312 701 407 750; x_wconf 87' lang='lat' dir='ltr'><strong>mam</strong></span> <span class='ocrx_word' id='word_1_14' title='bbox 425 671 595 744; x_wconf 80' lang='lat' dir='ltr'><strong>inusitatis</strong></span> <span class='ocrx_word' id='word_1_15' title='bbox 612 665 705 767; x_wconf 84' lang='lat' dir='ltr'><strong>gulae</strong></span> <span class='ocrx_word' id='word_1_16' title='bbox 723 667 1033 766; x_wconf 75' lang='lat' dir='ltr'><strong>superstitionibus</strong></span> <span class='ocrx_word' id='word_1_17' title='bbox 1061 665 1261 766; x_wconf 80' lang='lat' dir='ltr'><strong>abrogaret.</strong></span> <span class='ocrx_word' id='word_1_18' title='bbox 1327 666 1508 742; x_wconf 85' lang='lat' dir='ltr'><strong>Caeterum</strong></span> <span class='ocrx_word' id='word_1_19' title='bbox 1530 665 1631 740; x_wconf 89' lang='lat' dir='ltr'><strong>indi-</strong></span> 
     </span>
     <span class='ocr_line' id='line_1_4' title="bbox 312 785 1631 900; baseline -0.008 -28"><span class='ocrx_word' id='word_1_20' title='bbox 312 815 461 900; x_wconf 81' lang='lat' dir='ltr'><strong>gnanter</strong></span> <span class='ocrx_word' id='word_1_21' title='bbox 484 791 638 882; x_wconf 89' lang='lat' dir='ltr'><strong>serebat,</strong></span> <span class='ocrx_word' id='word_1_22' title='bbox 663 813 780 862; x_wconf 87' lang='lat' dir='ltr'><strong>assam</strong></span> <span class='ocrx_word' id='word_1_23' title='bbox 806 785 935 886; x_wconf 84' lang='lat' dir='ltr'>dapem</span> <span class='ocrx_word' id='word_1_24' title='bbox 968 787 1191 887; x_wconf 90' lang='lat' dir='ltr'><strong>eandemque</strong></span> <span class='ocrx_word' id='word_1_25' title='bbox 1223 787 1350 861; x_wconf 81' lang='lat' dir='ltr'><strong>elixam</strong></span> <span class='ocrx_word' id='word_1_26' title='bbox 1386 797 1492 864; x_wconf 90' lang='lat' dir='ltr'><strong>nnius</strong></span> <span class='ocrx_word' id='word_1_27' title='bbox 1515 815 1631 863; x_wconf 83' lang='lat' dir='ltr'><strong>eoenae</strong></span> 
     </span>
     <span class='ocr_line' id='line_1_5' title="bbox 311 909 1630 1018; baseline -0.008 -23"><span class='ocrx_word' id='word_1_28' title='bbox 311 917 515 1018; x_wconf 83' lang='lat' dir='ltr'><strong>sumptrbus</strong></span> <span class='ocrx_word' id='word_1_29' title='bbox 533 913 682 1012; x_wconf 82' lang='lat' dir='ltr'><strong>erogari,</strong></span> <span class='ocrx_word' id='word_1_30' title='bbox 707 909 864 984; x_wconf 89' lang='lat' dir='ltr'><strong>edulium</strong></span> <span class='ocrx_word' id='word_1_31' title='bbox 880 937 949 1010; x_wconf 91' lang='lat' dir='ltr'><strong>pro</strong></span> <span class='ocrx_word' id='word_1_32' title='bbox 971 927 1130 985; x_wconf 87' lang='lat' dir='ltr'><strong>monstro</strong></span> <span class='ocrx_word' id='word_1_33' title='bbox 1151 915 1342 1010; x_wconf 85' lang='lat' dir='ltr'><strong>accipiens,</strong></span> <span class='ocrx_word' id='word_1_34' title='bbox 1376 911 1479 1012; x_wconf 93' lang='lat' dir='ltr'><strong>quod</strong></span> <span class='ocrx_word' id='word_1_35' title='bbox 1502 911 1630 986; x_wconf 79' lang='lat' dir='ltr'><strong>culinae</strong></span> 
     </span>
     <span class='ocr_line' id='line_1_6' title="bbox 311 1033 1627 1134; baseline -0.012 -17"><span class='ocrx_word' id='word_1_36' title='bbox 311 1041 499 1118; x_wconf 88' lang='lat' dir='ltr'><strong>nidoribus</strong></span> <span class='ocrx_word' id='word_1_37' title='bbox 524 1035 724 1109; x_wconf 89' lang='lat' dir='ltr'><strong>delibutum</strong></span> <span class='ocrx_word' id='word_1_38' title='bbox 760 1033 900 1106; x_wconf 77' lang='lat' dir='ltr'><strong>sartoris</strong></span> <span class='ocrx_word' id='word_1_39' title='bbox 935 1033 1106 1109; x_wconf 89' lang='lat' dir='ltr'><strong>industria</strong></span> <span class='ocrx_word' id='word_1_40' title='bbox 1130 1033 1335 1134; x_wconf 90' lang='lat' dir='ltr'><strong>multiplicis</strong></span> <span class='ocrx_word' id='word_1_41' title='bbox 1359 1039 1627 1134; x_wconf 80' lang='lat' dir='ltr'><strong>temperamenti</strong></span> 
     </span>
     <span class='ocr_line' id='line_1_7' title="bbox 313 1155 1628 1260; baseline -0.014 -17"><span class='ocrx_word' id='word_1_42' title='bbox 313 1167 477 1243; x_wconf 89' lang='lat' dir='ltr'><strong>varietate</strong></span> <span class='ocrx_word' id='word_1_43' title='bbox 505 1159 700 1260; x_wconf 83' lang='lat' dir='ltr'><strong>perfricuit.</strong></span> <span class='ocrx_word' id='word_1_44' title='bbox 773 1159 804 1228; x_wconf 87' lang='lat' dir='ltr'>E</span> <span class='ocrx_word' id='word_1_45' title='bbox 829 1163 1006 1230; x_wconf 88' lang='lat' dir='ltr'><strong>contrario</strong></span> <span class='ocrx_word' id='word_1_46' title='bbox 1035 1155 1207 1257; x_wconf 69' lang='lat' dir='ltr'><strong>lug-ellus,</strong></span> <span class='ocrx_word' id='word_1_47' title='bbox 1248 1159 1416 1256; x_wconf 89' lang='lat' dir='ltr'><strong>projectis</strong></span> <span class='ocrx_word' id='word_1_48' title='bbox 1447 1159 1628 1256; x_wconf 88' lang='lat' dir='ltr'><strong>majorum</strong></span> 
     </span>
     <span class='ocr_line' id='line_1_8' title="bbox 312 1279 1630 1383; baseline -0.008 -21"><span class='ocrx_word' id='word_1_49' title='bbox 312 1285 503 1383; x_wconf 85' lang='lat' dir='ltr'><strong>exemplis,</strong></span> <span class='ocrx_word' id='word_1_50' title='bbox 535 1279 740 1354; x_wconf 89' lang='lat' dir='ltr'><strong>innovando</strong></span> <span class='ocrx_word' id='word_1_51' title='bbox 763 1303 969 1352; x_wconf 89' lang='lat' dir='ltr'><strong>mensarum</strong></span> <span class='ocrx_word' id='word_1_52' title='bbox 998 1281 1067 1353; x_wconf 90' lang='lat' dir='ltr'><strong>ritu</strong></span> <span class='ocrx_word' id='word_1_53' title='bbox 1096 1279 1259 1354; x_wconf 89' lang='lat' dir='ltr'><strong>licentius</strong></span> <span class='ocrx_word' id='word_1_54' title='bbox 1292 1279 1380 1374; x_wconf 88' lang='lat' dir='ltr'><strong>sibi,</strong></span> <span class='ocrx_word' id='word_1_55' title='bbox 1413 1307 1525 1378; x_wconf 88' lang='lat' dir='ltr'><strong>quam</strong></span> <span class='ocrx_word' id='word_1_56' title='bbox 1550 1303 1630 1352; x_wconf 90' lang='lat' dir='ltr'><strong>mos</strong></span> 
     </span>
     <span class='ocr_line' id='line_1_9' title="bbox 311 1401 1628 1510; baseline -0.006 -28"><span class='ocrx_word' id='word_1_57' title='bbox 311 1414 448 1510; x_wconf 88' lang='lat' dir='ltr'><strong>patrius</strong></span> <span class='ocrx_word' id='word_1_58' title='bbox 466 1404 700 1504; x_wconf 86' lang='lat' dir='ltr'><strong>permittebat,</strong></span> <span class='ocrx_word' id='word_1_59' title='bbox 717 1401 871 1476; x_wconf 86' lang='lat' dir='ltr'><strong>indulsit.</strong></span> <span class='ocrx_word' id='word_1_60' title='bbox 933 1402 1128 1501; x_wconf 84' lang='lat' dir='ltr'><strong>Postquam</strong></span> <span class='ocrx_word' id='word_1_61' title='bbox 1142 1429 1181 1476; x_wconf 89' lang='lat' dir='ltr'><strong>se</strong></span> <span class='ocrx_word' id='word_1_62' title='bbox 1196 1408 1289 1476; x_wconf 91' lang='lat' dir='ltr'><strong>enim</strong></span> <span class='ocrx_word' id='word_1_63' title='bbox 1306 1403 1490 1475; x_wconf 82' lang='lat' dir='ltr'><strong>Teutoniae</strong></span> <span class='ocrx_word' id='word_1_64' title='bbox 1509 1405 1628 1476; x_wconf 90' lang='lat' dir='ltr'><strong>mori-</strong></span> 
     </span>
     <span class='ocr_line' id='line_1_10' title="bbox 311 1523 1629 1628; baseline -0.008 -21"><span class='ocrx_word' id='word_1_65' title='bbox 311 1533 383 1608; x_wconf 90' lang='lat' dir='ltr'><strong>bus</strong></span> <span class='ocrx_word' id='word_1_66' title='bbox 401 1529 593 1628; x_wconf 78' lang='lat' dir='ltr'><strong>permisit1,</strong></span> <span class='ocrx_word' id='word_1_67' title='bbox 619 1523 842 1598; x_wconf 81' lang='lat' dir='ltr'><strong>effecminatae</strong></span> <span class='ocrx_word' id='word_1_68' title='bbox 861 1527 939 1623; x_wconf 88' lang='lat' dir='ltr'><strong>ejus</strong></span> <span class='ocrx_word' id='word_1_69' title='bbox 957 1524 1112 1600; x_wconf 86' lang='lat' dir='ltr'><strong>lasciviae</strong></span> <span class='ocrx_word' id='word_1_70' title='bbox 1130 1527 1363 1602; x_wconf 86' lang='lat' dir='ltr'><strong>succumbere</strong></span> <span class='ocrx_word' id='word_1_71' title='bbox 1379 1551 1451 1598; x_wconf 96' lang='lat' dir='ltr'><strong>non</strong></span> <span class='ocrx_word' id='word_1_72' title='bbox 1476 1525 1629 1598; x_wconf 87' lang='lat' dir='ltr'><strong>erubuit.</strong></span> 
     </span>
     <span class='ocr_line' id='line_1_11' title="bbox 312 1647 1627 1752; baseline -0.007 -25"><span class='ocrx_word' id='word_1_73' title='bbox 312 1659 366 1727; x_wconf 85' lang='lat' dir='ltr'><strong>Ex</strong></span> <span class='ocrx_word' id='word_1_74' title='bbox 391 1653 496 1752; x_wconf 86' lang='lat' dir='ltr'><strong>eujus</strong></span> <span class='ocrx_word' id='word_1_75' title='bbox 531 1655 664 1724; x_wconf 89' lang='lat' dir='ltr'><strong>sentina</strong></span> <span class='ocrx_word' id='word_1_76' title='bbox 694 1650 729 1719; x_wconf 92' lang='lat' dir='ltr'><strong>in</strong></span> <span class='ocrx_word' id='word_1_77' title='bbox 755 1649 878 1745; x_wconf 76' lang='lat' dir='ltr'><strong>patriae</strong></span> <span class='ocrx_word' id='word_1_78' title='bbox 909 1664 1042 1722; x_wconf 77' lang='lat' dir='ltr'><strong>nostrae</strong></span> <span class='ocrx_word' id='word_1_79' title='bbox 1069 1649 1190 1722; x_wconf 90' lang='lat' dir='ltr'><strong>sauces</strong></span> <span class='ocrx_word' id='word_1_80' title='bbox 1216 1647 1316 1720; x_wconf 90' lang='lat' dir='ltr'><strong>haud</strong></span> <span class='ocrx_word' id='word_1_81' title='bbox 1340 1670 1453 1746; x_wconf 89' lang='lat' dir='ltr'><strong>parva</strong></span> <span class='ocrx_word' id='word_1_82' title='bbox 1476 1647 1627 1720; x_wconf 73' lang='lat' dir='ltr'><strong>luxuriat</strong></span> 
     </span>
     <span class='ocr_line' id='line_1_12' title="bbox 312 1769 1627 1870; baseline -0.008 -21"><span class='ocrx_word' id='word_1_83' title='bbox 312 1777 524 1849; x_wconf 87' lang='lat' dir='ltr'><strong>nutrimenta</strong></span> <span class='ocrx_word' id='word_1_84' title='bbox 541 1771 727 1844; x_wconf 85' lang='lat' dir='ltr'><strong>fluxerunt.</strong></span> <span class='ocrx_word' id='word_1_85' title='bbox 801 1769 887 1842; x_wconf 90' lang='lat' dir='ltr'><strong>lude</strong></span> <span class='ocrx_word' id='word_1_86' title='bbox 905 1773 996 1842; x_wconf 90' lang='lat' dir='ltr'><strong>enim</strong></span> <span class='ocrx_word' id='word_1_87' title='bbox 1013 1771 1270 1870; x_wconf 82' lang='lat' dir='ltr'><strong>splendidiores</strong></span> <span class='ocrx_word' id='word_1_88' title='bbox 1286 1797 1437 1862; x_wconf 87' lang='lat' dir='ltr'><strong>mensae,</strong></span> <span class='ocrx_word' id='word_1_89' title='bbox 1462 1771 1627 1843; x_wconf 84' lang='lat' dir='ltr'><strong>lautiores</strong></span> 
     </span>
     <span class='ocr_line' id='line_1_13' title="bbox 312 1891 1625 1993; baseline -0.009 -20"><span class='ocrx_word' id='word_1_90' title='bbox 312 1899 452 1989; x_wconf 85' lang='lat' dir='ltr'><strong>culiuae,</strong></span> <span class='ocrx_word' id='word_1_91' title='bbox 476 1892 622 1970; x_wconf 89' lang='lat' dir='ltr'><strong>sordida</strong></span> <span class='ocrx_word' id='word_1_92' title='bbox 639 1917 842 1989; x_wconf 84' lang='lat' dir='ltr'><strong>eoquorum</strong></span> <span class='ocrx_word' id='word_1_93' title='bbox 866 1896 1055 1966; x_wconf 88' lang='lat' dir='ltr'><strong>ministeria</strong></span> <span class='ocrx_word' id='word_1_94' title='bbox 1081 1897 1260 1993; x_wconf 77' lang='lat' dir='ltr'><strong>variaeque</strong></span> <span class='ocrx_word' id='word_1_95' title='bbox 1290 1891 1514 1967; x_wconf 85' lang='lat' dir='ltr'><strong>farciminum</strong></span> <span class='ocrx_word' id='word_1_96' title='bbox 1541 1917 1625 1966; x_wconf 91' lang='lat' dir='ltr'><strong>sor-</strong></span> 
     </span>
     <span class='ocr_line' id='line_1_14' title="bbox 313 2013 1624 2118; baseline -0.007 -23"><span class='ocrx_word' id='word_1_97' title='bbox 313 2023 377 2096; x_wconf 90' lang='lat' dir='ltr'><strong>des</strong></span> <span class='ocrx_word' id='word_1_98' title='bbox 398 2042 606 2109; x_wconf 87' lang='lat' dir='ltr'><strong>manavere;</strong></span> <span class='ocrx_word' id='word_1_99' title='bbox 632 2015 715 2087; x_wconf 91' lang='lat' dir='ltr'><strong>inde</strong></span> <span class='ocrx_word' id='word_1_100' title='bbox 739 2015 926 2088; x_wconf 89' lang='lat' dir='ltr'><strong>licentioris</strong></span> <span class='ocrx_word' id='word_1_101' title='bbox 950 2013 1065 2089; x_wconf 90' lang='lat' dir='ltr'><strong>cultus</strong></span> <span class='ocrx_word' id='word_1_102' title='bbox 1079 2023 1266 2116; x_wconf 90' lang='lat' dir='ltr'><strong>usurpatio</strong></span> <span class='ocrx_word' id='word_1_103' title='bbox 1288 2045 1308 2088; x_wconf 92' lang='lat' dir='ltr'><strong>a</strong></span> <span class='ocrx_word' id='word_1_104' title='bbox 1327 2015 1396 2090; x_wconf 86' lang='lat' dir='ltr'><strong>ritu</strong></span> <span class='ocrx_word' id='word_1_105' title='bbox 1413 2022 1528 2118; x_wconf 89' lang='lat' dir='ltr'><strong>patrio</strong></span> <span class='ocrx_word' id='word_1_106' title='bbox 1553 2041 1624 2113; x_wconf 83' lang='lat' dir='ltr'><strong>pr-</strong></span> 
     </span>
    </p>

    <p class='ocr_par' dir='ltr' id='par_1_3' title="bbox 249 2141 1711 2726">
     <span class='ocr_line' id='line_1_15' title="bbox 249 2141 1623 2248; baseline -0.007 -32"><span class='ocrx_word' id='word_1_107' title='bbox 249 2165 255 2176; x_wconf 87' lang='grc'>·</span> <span class='ocrx_word' id='word_1_108' title='bbox 311 2145 486 2242; x_wconf 85' lang='lat' dir='ltr'><strong>regriuata</strong></span> <span class='ocrx_word' id='word_1_109' title='bbox 503 2157 565 2214; x_wconf 91' lang='lat' dir='ltr'><strong>est.</strong></span> <span class='ocrx_word' id='word_1_110' title='bbox 622 2141 746 2234; x_wconf 86' lang='lat' dir='ltr'><strong>ltaque</strong></span> <span class='ocrx_word' id='word_1_111' title='bbox 768 2143 867 2248; x_wconf 73' lang='lat' dir='ltr'><strong>regio</strong></span> <span class='ocrx_word' id='word_1_112' title='bbox 894 2153 1022 2226; x_wconf 84' lang='lat' dir='ltr'><strong>nostra,</strong></span> <span class='ocrx_word' id='word_1_113' title='bbox 1038 2162 1121 2236; x_wconf 84' lang='lat' dir='ltr'><strong>quae</strong></span> <span class='ocrx_word' id='word_1_114' title='bbox 1143 2141 1392 2213; x_wconf 87' lang='lat' dir='ltr'><strong>continentiam</strong></span> <span class='ocrx_word' id='word_1_115' title='bbox 1416 2141 1452 2212; x_wconf 92' lang='lat' dir='ltr'><strong>in</strong></span> <span class='ocrx_word' id='word_1_116' title='bbox 1477 2165 1516 2210; x_wconf 90' lang='lat' dir='ltr'><strong>se</strong></span> <span class='ocrx_word' id='word_1_117' title='bbox 1539 2153 1623 2209; x_wconf 90' lang='lat' dir='ltr'><strong>tan-</strong></span> 
     </span>
     <span class='ocr_line' id='line_1_16' title="bbox 313 2259 1621 2364; baseline -0.007 -27"><span class='ocrx_word' id='word_1_118' title='bbox 313 2289 423 2364; x_wconf 88' lang='lat' dir='ltr'><strong>quam</strong></span> <span class='ocrx_word' id='word_1_119' title='bbox 442 2259 637 2336; x_wconf 87' lang='lat' dir='ltr'><strong>naturalem</strong></span> <span class='ocrx_word' id='word_1_120' title='bbox 663 2261 759 2349; x_wconf 84' lang='lat' dir='ltr'><strong>aluit‚</strong></span> <span class='ocrx_word' id='word_1_121' title='bbox 783 2259 946 2334; x_wconf 86' lang='lat' dir='ltr'><strong>luxuma</strong></span> <span class='ocrx_word' id='word_1_122' title='bbox 969 2261 1121 2334; x_wconf 87' lang='lat' dir='ltr'><strong>finitimis</strong></span> <span class='ocrx_word' id='word_1_123' title='bbox 1143 2261 1364 2360; x_wconf 82' lang='lat' dir='ltr'><strong>depoposcit.</strong></span> <span class='ocrx_word' id='word_1_124' title='bbox 1425 2263 1540 2358; x_wconf 80' lang='lat' dir='ltr'><strong>Cujus</strong></span> <span class='ocrx_word' id='word_1_125' title='bbox 1561 2261 1621 2329; x_wconf 89' lang='lat' dir='ltr'><strong>ln-</strong></span> 
     </span>
     <span class='ocr_line' id='line_1_17' title="bbox 312 2380 1621 2485; baseline -0.005 -29"><span class='ocrx_word' id='word_1_126' title='bbox 312 2380 427 2485; x_wconf 83' lang='lat' dir='ltr'><strong>gellus</strong></span> <span class='ocrx_word' id='word_1_127' title='bbox 444 2381 627 2456; x_wconf 86' lang='lat' dir='ltr'><strong>illecrebra</strong></span> <span class='ocrx_word' id='word_1_128' title='bbox 651 2397 779 2482; x_wconf 78' lang='lat' dir='ltr'><strong>captus</strong></span> <span class='ocrx_word' id='word_1_129' title='bbox 795 2385 943 2482; x_wconf 85' lang='lat' dir='ltr'><strong>iujurias</strong></span> <span class='ocrx_word' id='word_1_130' title='bbox 966 2383 1143 2457; x_wconf 79' lang='lat' dir='ltr'><strong>bertelieiis</strong></span> <span class='ocrx_word' id='word_1_131' title='bbox 1172 2383 1370 2482; x_wconf 88' lang='lat' dir='ltr'><strong>rependere</strong></span> <span class='ocrx_word' id='word_1_132' title='bbox 1404 2381 1621 2457; x_wconf 87' lang='lat' dir='ltr'><strong>erubescen-</strong></span> 
     </span>
     <span class='ocr_line' id='line_1_18' title="bbox 313 2483 1711 2605; baseline -0.004 -25"><span class='ocrx_word' id='word_1_133' title='bbox 313 2508 401 2580; x_wconf 90' lang='lat' dir='ltr'><strong>dum</strong></span> <span class='ocrx_word' id='word_1_134' title='bbox 433 2535 505 2580; x_wconf 92' lang='lat' dir='ltr'><strong>non</strong></span> <span class='ocrx_word' id='word_1_135' title='bbox 531 2507 650 2599; x_wconf 83' lang='lat' dir='ltr'><strong>duxit3</strong></span> <span class='ocrx_word' id='word_1_136' title='bbox 702 2531 822 2604; x_wconf 89' lang='lat' dir='ltr'><strong>neque</strong></span> <span class='ocrx_word' id='word_1_137' title='bbox 852 2505 901 2576; x_wconf 90' lang='lat' dir='ltr'><strong>illi</strong></span> <span class='ocrx_word' id='word_1_138' title='bbox 924 2507 1053 2579; x_wconf 86' lang='lat' dir='ltr'><strong>misera</strong></span> <span class='ocrx_word' id='word_1_139' title='bbox 1077 2507 1232 2605; x_wconf 87' lang='lat' dir='ltr'><strong>parentis</strong></span> <span class='ocrx_word' id='word_1_140' title='bbox 1256 2506 1375 2582; x_wconf 88' lang='lat' dir='ltr'><strong>clades</strong></span> <span class='ocrx_word' id='word_1_141' title='bbox 1398 2504 1621 2601; x_wconf 82' lang='lat' dir='ltr'><strong>carnalique</strong></span> <span class='ocrx_word' id='word_1_142' title='bbox 1710 2483 1711 2512; x_wconf 47' lang='lat'>¹</span> 
     </span>
     <span class='ocr_line' id='line_1_19' title="bbox 312 2629 1004 2726; baseline -0.001 -24"><span class='ocrx_word' id='word_1_143' title='bbox 312 2629 553 2703; x_wconf 85' lang='lat' dir='ltr'><strong>amaritudinis</strong></span> <span class='ocrx_word' id='word_1_144' title='bbox 570 2629 721 2726; x_wconf 90' lang='lat' dir='ltr'><strong>suspirio</strong></span> <span class='ocrx_word' id='word_1_145' title='bbox 740 2629 928 2702; x_wconf 88' lang='lat' dir='ltr'><strong>obversata</strong></span> <span class='ocrx_word' id='word_1_146' title='bbox 944 2643 1004 2700; x_wconf 88' lang='lat' dir='ltr'><strong>est.</strong></span> 
     </span>
    </p>

    <p class='ocr_par' dir='ltr' id='par_1_4' title="bbox 311 2749 1710 3464">
     <span class='ocr_line' id='line_1_20' title="bbox 444 2749 1618 2851; baseline -0.004 -26"><span class='ocrx_word' id='word_1_147' title='bbox 444 2757 487 2826; x_wconf 86' lang='lat' dir='ltr'><strong>At</strong></span> <span class='ocrx_word' id='word_1_148' title='bbox 513 2753 622 2851; x_wconf 83' lang='lat' dir='ltr'><strong>regin·</strong></span> <span class='ocrx_word' id='word_1_149' title='bbox 623 2779 645 2842; x_wconf 82' lang='lat' dir='ltr'><strong>r,</strong></span> <span class='ocrx_word' id='word_1_150' title='bbox 670 2775 715 2822; x_wconf 89' lang='lat' dir='ltr'><strong>ne</strong></span> <span class='ocrx_word' id='word_1_151' title='bbox 734 2752 906 2848; x_wconf 87' lang='lat' dir='ltr'><strong>propositi</strong></span> <span class='ocrx_word' id='word_1_152' title='bbox 921 2753 1015 2822; x_wconf 84' lang='lat' dir='ltr'><strong>irrita</strong></span> <span class='ocrx_word' id='word_1_153' title='bbox 1033 2749 1188 2839; x_wconf 55' lang='lat' dir='ltr'><strong>abirets</strong></span> <span class='ocrx_word' id='word_1_154' title='bbox 1179 2777 1269 2822; x_wconf 79' lang='lat' dir='ltr'><strong>tram</strong></span> <span class='ocrx_word' id='word_1_155' title='bbox 1296 2751 1388 2824; x_wconf 88' lang='lat' dir='ltr'><strong>senis</strong></span> <span class='ocrx_word' id='word_1_156' title='bbox 1405 2749 1511 2824; x_wconf 93' lang='lat' dir='ltr'><strong>donis</strong></span> <span class='ocrx_word' id='word_1_157' title='bbox 1525 2753 1618 2849; x_wconf 90' lang='lat' dir='ltr'><strong>opti·-</strong></span> 
     </span>
     <span class='ocr_line' id='line_1_21' title="bbox 314 2871 1617 3014; baseline -0.006 -66"><span class='ocrx_word' id='word_1_158' title='bbox 314 2901 370 2948; x_wconf 88' lang='lat' dir='ltr'><strong>rue</strong></span> <span class='ocrx_word' id='word_1_159' title='bbox 382 2873 668 3014; x_wconf 81' lang='lat' dir='ltr'><strong>propulsandam</strong></span> <span class='ocrx_word' id='word_1_160' title='bbox 686 2875 898 2963; x_wconf 73' lang='lat' dir='ltr'><strong>cristinam,</strong></span> <span class='ocrx_word' id='word_1_161' title='bbox 921 2873 1057 2944; x_wconf 84' lang='lat' dir='ltr'><strong>mirifici</strong></span> <span class='ocrx_word' id='word_1_162' title='bbox 1073 2871 1192 2971; x_wconf 90' lang='lat' dir='ltr'><strong>operis</strong></span> <span class='ocrx_word' id='word_1_163' title='bbox 1213 2881 1334 2948; x_wconf 87' lang='lat' dir='ltr'><strong>rittanr</strong></span> <span class='ocrx_word' id='word_1_164' title='bbox 1357 2875 1507 2972; x_wconf 84' lang='lat' dir='ltr'><strong>proprio</strong></span> <span class='ocrx_word' id='word_1_165' title='bbox 1522 2873 1617 2970; x_wconf 87' lang='lat' dir='ltr'><strong>capiti</strong></span> 
     </span>
     <span class='ocr_line' id='line_1_22' title="bbox 312 2995 1617 3096; baseline -0.006 -26"><span class='ocrx_word' id='word_1_166' title='bbox 312 2997 523 3092; x_wconf 87' lang='lat' dir='ltr'><strong>‹letractam²</strong></span> <span class='ocrx_word' id='word_1_167' title='bbox 546 2997 897 3095; x_wconf 81' lang='lat' dir='ltr'><strong>gremioeoeuitantis</strong></span> <span class='ocrx_word' id='word_1_168' title='bbox 924 3001 1101 3092; x_wconf 89' lang='lat' dir='ltr'><strong>apposuit,</strong></span> <span class='ocrx_word' id='word_1_169' title='bbox 1128 2995 1518 3096; x_wconf 87' lang='lat' dir='ltr'><strong>benevolentiamejus,</strong></span> <span class='ocrx_word' id='word_1_170' title='bbox 1544 2997 1617 3094; x_wconf 92' lang='lat' dir='ltr'><strong>quia</strong></span> 
     </span>
     <span class='ocr_line' id='line_1_23' title="bbox 313 3115 1616 3216; baseline -0.005 -20"><span class='ocrx_word' id='word_1_171' title='bbox 313 3121 479 3196; x_wconf 81' lang='lat' dir='ltr'><strong>virtutem</strong></span> <span class='ocrx_word' id='word_1_172' title='bbox 502 3115 671 3192; x_wconf 86' lang='lat' dir='ltr'><strong>hebetare</strong></span> <span class='ocrx_word' id='word_1_173' title='bbox 693 3119 914 3215; x_wconf 87' lang='lat' dir='ltr'><strong>nequiverat,</strong></span> <span class='ocrx_word' id='word_1_174' title='bbox 935 3117 1085 3190; x_wconf 88' lang='lat' dir='ltr'><strong>mercari</strong></span> <span class='ocrx_word' id='word_1_175' title='bbox 1112 3124 1272 3216; x_wconf 90' lang='lat' dir='ltr'><strong>cupiens.</strong></span> <span class='ocrx_word' id='word_1_176' title='bbox 1334 3125 1452 3212; x_wconf 89' lang='lat' dir='ltr'><strong>Quam</strong></span> <span class='ocrx_word' id='word_1_177' title='bbox 1479 3123 1616 3193; x_wconf 76' lang='lat' dir='ltr'><strong>Staret-</strong></span> 
     </span>
     <span class='ocr_line' id='line_1_24' title="bbox 311 3239 1616 3341; baseline -0.003 -26"><span class='ocrx_word' id='word_1_178' title='bbox 311 3243 446 3332; x_wconf 85' lang='lat' dir='ltr'><strong>tlrerus,</strong></span> <span class='ocrx_word' id='word_1_179' title='bbox 462 3239 618 3313; x_wconf 88' lang='lat' dir='ltr'><strong>necdum</strong></span> <span class='ocrx_word' id='word_1_180' title='bbox 635 3239 779 3312; x_wconf 71' lang='lat' dir='ltr'><strong>offensae</strong></span> <span class='ocrx_word' id='word_1_181' title='bbox 796 3239 988 3312; x_wconf 86' lang='lat' dir='ltr'><strong>acerbitate</strong></span> <span class='ocrx_word' id='word_1_182' title='bbox 1003 3239 1178 3338; x_wconf 89' lang='lat' dir='ltr'><strong>deposita,</strong></span> <span class='ocrx_word' id='word_1_183' title='bbox 1194 3244 1230 3314; x_wconf 93' lang='lat' dir='ltr'><strong>in</strong></span> <span class='ocrx_word' id='word_1_184' title='bbox 1246 3267 1287 3316; x_wconf 89' lang='lat' dir='ltr'><strong>os</strong></span> <span class='ocrx_word' id='word_1_185' title='bbox 1303 3241 1443 3315; x_wconf 91' lang='lat' dir='ltr'><strong>lerentis</strong></span> <span class='ocrx_word' id='word_1_186' title='bbox 1455 3243 1616 3341; x_wconf 87' lang='lat' dir='ltr'><strong>rejiciens,</strong></span> 
     </span>
     <span class='ocr_line' id='line_1_25' title="bbox 312 3361 1616 3464; baseline -0.002 -30"><span class='ocrx_word' id='word_1_187' title='bbox 312 3363 396 3464; x_wconf 86' lang='lat' dir='ltr'><strong>plus</strong></span> <span class='ocrx_word' id='word_1_188' title='bbox 414 3379 638 3462; x_wconf 83' lang='lat' dir='ltr'><strong>contemptus</strong></span> <span class='ocrx_word' id='word_1_189' title='bbox 654 3385 764 3460; x_wconf 89' lang='lat' dir='ltr'><strong>quam</strong></span> <span class='ocrx_word' id='word_1_190' title='bbox 785 3364 1017 3437; x_wconf 82' lang='lat' dir='ltr'><strong>venerationis</strong></span> <span class='ocrx_word' id='word_1_191' title='bbox 1033 3369 1067 3436; x_wconf 92' lang='lat' dir='ltr'><strong>in</strong></span> <span class='ocrx_word' id='word_1_192' title='bbox 1087 3389 1131 3436; x_wconf 85' lang='lat' dir='ltr'><strong>eo</strong></span> <span class='ocrx_word' id='word_1_193' title='bbox 1148 3389 1296 3438; x_wconf 86' lang='lat' dir='ltr'><strong>munere</strong></span> <span class='ocrx_word' id='word_1_194' title='bbox 1311 3367 1508 3462; x_wconf 90' lang='lat' dir='ltr'><strong>repositum</strong></span> <span class='ocrx_word' id='word_1_195' title='bbox 1524 3361 1616 3438; x_wconf 87' lang='lat' dir='ltr'><strong>arbi-</strong></span> 
     </span>
    </p>

    <p class='ocr_par' dir='ltr' id='par_1_5' title="bbox 235 3484 1708 4314">
     <span class='ocr_line' id='line_1_26' title="bbox 235 3484 1614 3586; baseline -0.001 -26"><span class='ocrx_word' id='word_1_196' title='bbox 235 3507 238 3512; x_wconf 89' lang='grc'><strong><em>·</em></strong></span> <span class='ocrx_word' id='word_1_197' title='bbox 312 3487 491 3578; x_wconf 84' lang='lat' dir='ltr'><strong>trabatur;</strong></span> <span class='ocrx_word' id='word_1_198' title='bbox 517 3484 758 3586; x_wconf 87' lang='lat' dir='ltr'><strong>prudentique</strong></span> <span class='ocrx_word' id='word_1_199' title='bbox 774 3486 893 3559; x_wconf 90' lang='lat' dir='ltr'><strong>animo</strong></span> <span class='ocrx_word' id='word_1_200' title='bbox 910 3491 990 3584; x_wconf 85' lang='lat' dir='ltr'><strong>egit,</strong></span> <span class='ocrx_word' id='word_1_201' title='bbox 1017 3511 1061 3558; x_wconf 88' lang='lat' dir='ltr'><strong>ne</strong></span> <span class='ocrx_word' id='word_1_202' title='bbox 1077 3487 1303 3562; x_wconf 86' lang='lat' dir='ltr'><strong>cicatricibus</strong></span> <span class='ocrx_word' id='word_1_203' title='bbox 1329 3491 1465 3559; x_wconf 91' lang='lat' dir='ltr'><strong>consito</strong></span> <span class='ocrx_word' id='word_1_204' title='bbox 1492 3484 1614 3586; x_wconf 81' lang='lat' dir='ltr'><strong>galeis-</strong></span> 
     </span>
     <span class='ocr_line' id='line_1_27' title="bbox 311 3605 1615 3710; baseline -0.005 -27"><span class='ocrx_word' id='word_1_205' title='bbox 311 3635 383 3710; x_wconf 86' lang='lat' dir='ltr'><strong>que</strong></span> <span class='ocrx_word' id='word_1_206' title='bbox 400 3623 541 3683; x_wconf 87' lang='lat' dir='ltr'><strong>assueto</strong></span> <span class='ocrx_word' id='word_1_207' title='bbox 558 3609 671 3708; x_wconf 86' lang='lat' dir='ltr'><strong>capite</strong></span> <span class='ocrx_word' id='word_1_208' title='bbox 696 3605 876 3680; x_wconf 88' lang='lat' dir='ltr'><strong>insolitum</strong></span> <span class='ocrx_word' id='word_1_209' title='bbox 906 3606 1112 3682; x_wconf 84' lang='lat' dir='ltr'><strong>effoeminati</strong></span> <span class='ocrx_word' id='word_1_210' title='bbox 1131 3607 1248 3684; x_wconf 91' lang='lat' dir='ltr'><strong>cultus</strong></span> <span class='ocrx_word' id='word_1_211' title='bbox 1263 3625 1512 3682; x_wconf 83' lang='lat' dir='ltr'><strong>ornamentum</strong></span> <span class='ocrx_word' id='word_1_212' title='bbox 1526 3607 1615 3681; x_wconf 82' lang='lat' dir='ltr'><strong>exei-</strong></span> 
     </span>
     <span class='ocr_line' id='line_1_28' title="bbox 311 3727 1708 3831; baseline -0.001 -30"><span class='ocrx_word' id='word_1_213' title='bbox 311 3749 424 3830; x_wconf 86' lang='lat' dir='ltr'><strong>peret,</strong></span> <span class='ocrx_word' id='word_1_214' title='bbox 438 3733 562 3823; x_wconf 90' lang='lat' dir='ltr'><strong>scieus,</strong></span> <span class='ocrx_word' id='word_1_215' title='bbox 576 3727 737 3804; x_wconf 87' lang='lat' dir='ltr'><strong>virilibus</strong></span> <span class='ocrx_word' id='word_1_216' title='bbox 747 3729 857 3802; x_wconf 84' lang='lat' dir='ltr'><strong>comis</strong></span> <span class='ocrx_word' id='word_1_217' title='bbox 867 3728 1042 3803; x_wconf 87' lang='lat' dir='ltr'><strong>muliebre</strong></span> <span class='ocrx_word' id='word_1_218' title='bbox 1053 3731 1300 3805; x_wconf 87' lang='lat' dir='ltr'><strong>redimiculum</strong></span> <span class='ocrx_word' id='word_1_219' title='bbox 1313 3733 1404 3831; x_wconf 86' lang='lat' dir='ltr'><strong>injici</strong></span> <span class='ocrx_word' id='word_1_220' title='bbox 1419 3757 1494 3804; x_wconf 91' lang='lat' dir='ltr'><strong>nou</strong></span> <span class='ocrx_word' id='word_1_221' title='bbox 1511 3753 1615 3830; x_wconf 83' lang='lat' dir='ltr'><strong>opor-</strong></span> <span class='ocrx_word' id='word_1_222' title='bbox 1707 3757 1708 3810; x_wconf 72' lang='lat' dir='ltr'><strong>i</strong></span> 
     </span>
     <span class='ocr_line' id='line_1_29' title="bbox 310 3837 1611 3952; baseline -0.006 -24"><span class='ocrx_word' id='word_1_223' title='bbox 310 3871 392 3928; x_wconf 81' lang='lat' dir='ltr'><strong>tere.</strong></span> <span class='ocrx_word' id='word_1_224' title='bbox 451 3837 576 3951; x_wconf 86' lang='lat' dir='ltr'><strong>Itaque</strong></span> <span class='ocrx_word' id='word_1_225' title='bbox 599 3848 783 3948; x_wconf 88' lang='lat' dir='ltr'><strong>repulsam</strong></span> <span class='ocrx_word' id='word_1_226' title='bbox 805 3850 949 3948; x_wconf 89' lang='lat' dir='ltr'><strong>repulsa</strong></span> <span class='ocrx_word' id='word_1_227' title='bbox 979 3853 1081 3942; x_wconf 90' lang='lat' dir='ltr'><strong>ultus,</strong></span> <span class='ocrx_word' id='word_1_228' title='bbox 1107 3871 1351 3952; x_wconf 87' lang='lat' dir='ltr'><strong>contemptum</strong></span> <span class='ocrx_word' id='word_1_229' title='bbox 1376 3879 1484 3928; x_wconf 86' lang='lat' dir='ltr'><strong>suum</strong></span> <span class='ocrx_word' id='word_1_230' title='bbox 1501 3869 1611 3925; x_wconf 91' lang='lat' dir='ltr'><strong>mutua</strong></span> 
     </span>
     <span class='ocr_line' id='line_1_30' title="bbox 310 3971 1612 4076; baseline -0.007 -25"><span class='ocrx_word' id='word_1_231' title='bbox 310 3981 556 4076; x_wconf 88' lang='lat' dir='ltr'><strong>aspernatione</strong></span> <span class='ocrx_word' id='word_1_232' title='bbox 571 3971 744 4072; x_wconf 72' lang='lat' dir='ltr'><strong>pensavit,</strong></span> <span class='ocrx_word' id='word_1_233' title='bbox 769 3987 904 4045; x_wconf 87' lang='lat' dir='ltr'><strong>tantum</strong></span> <span class='ocrx_word' id='word_1_234' title='bbox 927 3998 966 4046; x_wconf 92' lang='lat' dir='ltr'><strong>se</strong></span> <span class='ocrx_word' id='word_1_235' title='bbox 986 3999 1090 4074; x_wconf 80' lang='lat' dir='ltr'><strong>paene</strong></span> <span class='ocrx_word' id='word_1_236' title='bbox 1105 3982 1141 4048; x_wconf 93' lang='lat' dir='ltr'><strong>in</strong></span> <span class='ocrx_word' id='word_1_237' title='bbox 1161 3974 1374 4049; x_wconf 87' lang='lat' dir='ltr'><strong>vindicando</strong></span> <span class='ocrx_word' id='word_1_238' title='bbox 1398 3975 1532 4049; x_wconf 90' lang='lat' dir='ltr'><strong>rubore</strong></span> <span class='ocrx_word' id='word_1_239' title='bbox 1550 3997 1612 4071; x_wconf 79' lang='lat' dir='ltr'><strong>ge-</strong></span> 
     </span>
     <span class='ocr_line' id='line_1_31' title="bbox 310 4093 1612 4197; baseline -0.006 -26"><span class='ocrx_word' id='word_1_240' title='bbox 310 4123 404 4184; x_wconf 84' lang='lat' dir='ltr'><strong>rens,</strong></span> <span class='ocrx_word' id='word_1_241' title='bbox 430 4109 604 4197; x_wconf 84' lang='lat' dir='ltr'><strong>quantum</strong></span> <span class='ocrx_word' id='word_1_242' title='bbox 623 4099 795 4195; x_wconf 84' lang='lat' dir='ltr'><strong>gesserat³</strong></span> <span class='ocrx_word' id='word_1_243' title='bbox 816 4103 852 4166; x_wconf 93' lang='lat' dir='ltr'><strong>in</strong></span> <span class='ocrx_word' id='word_1_244' title='bbox 868 4097 1082 4171; x_wconf 88' lang='lat' dir='ltr'><strong>sustinendo.</strong></span> <span class='ocrx_word' id='word_1_245' title='bbox 1143 4099 1305 4172; x_wconf 90' lang='lat' dir='ltr'><strong>Veterani</strong></span> <span class='ocrx_word' id='word_1_246' title='bbox 1330 4110 1489 4195; x_wconf 85' lang='lat' dir='ltr'><strong>namque</strong></span> <span class='ocrx_word' id='word_1_247' title='bbox 1504 4093 1612 4168; x_wconf 87' lang='lat' dir='ltr'><strong>bella·</strong></span> 
     </span>
     <span class='ocr_line' id='line_1_32' title="bbox 311 4217 1611 4314; baseline -0.006 -20"><span class='ocrx_word' id='word_1_248' title='bbox 311 4221 396 4296; x_wconf 89' lang='lat' dir='ltr'><strong>toris</strong></span> <span class='ocrx_word' id='word_1_249' title='bbox 428 4222 586 4314; x_wconf 87' lang='lat' dir='ltr'><strong>animus,</strong></span> <span class='ocrx_word' id='word_1_250' title='bbox 611 4223 641 4292; x_wconf 89' lang='lat' dir='ltr'><strong>F</strong></span> <span class='ocrx_word' id='word_1_251' title='bbox 644 4217 802 4292; x_wconf 90' lang='lat' dir='ltr'><strong>rothonis</strong></span> <span class='ocrx_word' id='word_1_252' title='bbox 839 4219 974 4293; x_wconf 91' lang='lat' dir='ltr'><strong>cultum</strong></span> <span class='ocrx_word' id='word_1_253' title='bbox 1003 4221 1303 4296; x_wconf 80' lang='lat' dir='ltr'><strong>inextricabilibus</strong></span> <span class='ocrx_word' id='word_1_254' title='bbox 1332 4221 1494 4295; x_wconf 80' lang='lat' dir='ltr'><strong>amicitiae</strong></span> <span class='ocrx_word' id='word_1_255' title='bbox 1510 4217 1611 4293; x_wconf 87' lang='lat' dir='ltr'><strong>hamis</strong></span> 
     </span>
    </p>
   </div>
   <div class='ocr_carea' id='block_1_3' title="bbox 307 4479 1706 4996">
    <p class='ocr_par' dir='ltr' id='par_1_6' title="bbox 307 4479 1706 4682">
     <span class='ocr_line' id='line_1_33' title="bbox 357 4479 1706 4574; baseline -0.01 -21"><span class='ocrx_word' id='word_1_256' title='bbox 357 4493 544 4574; x_wconf 76' lang='lat' dir='ltr'><strong>&#39;Postquam</strong></span> <span class='ocrx_word' id='word_1_257' title='bbox 574 4513 606 4552; x_wconf 82' lang='lat' dir='ltr'><strong>rc</strong></span> <span class='ocrx_word' id='word_1_258' title='bbox 632 4490 778 4549; x_wconf 74' lang='lat' dir='ltr'><strong>Teutonicas</strong></span> <span class='ocrx_word' id='word_1_259' title='bbox 812 4479 953 4549; x_wconf 65' lang='lat' dir='ltr'><strong>morr&#39;bus&#39;</strong></span> <span class='ocrx_word' id='word_1_260' title='bbox 996 4487 1150 4550; x_wconf 82' lang='lat' dir='ltr'><strong>communi</strong></span> <span class='ocrx_word' id='word_1_261' title='bbox 1164 4485 1305 4572; x_wconf 82' lang='lat' dir='ltr'><strong>quaedam</strong></span> <span class='ocrx_word' id='word_1_262' title='bbox 1324 4487 1494 4549; x_wconf 79' lang='lat' dir='ltr'><strong>monuimus</strong></span> <span class='ocrx_word' id='word_1_263' title='bbox 1511 4483 1539 4545; x_wconf 86' lang='lat' dir='ltr'><strong>iu</strong></span> <span class='ocrx_word' id='word_1_264' title='bbox 1554 4490 1607 4542; x_wconf 78' lang='lat' dir='ltr'><strong>not</strong></span> <span class='ocrx_word' id='word_1_265' title='bbox 1705 4493 1706 4530; x_wconf 81' lang='lat' dir='ltr'><strong>t</strong></span> 
     </span>
     <span class='ocr_line' id='line_1_34' title="bbox 307 4591 1448 4682; baseline -0.004 -24"><span class='ocrx_word' id='word_1_266' title='bbox 307 4593 454 4682; x_wconf 83' lang='lat' dir='ltr'><strong>pcruu‘sit]</strong></span> <span class='ocrx_word' id='word_1_267' title='bbox 472 4596 531 4660; x_wconf 84' lang='lat' dir='ltr'><strong>rid.</strong></span> <span class='ocrx_word' id='word_1_268' title='bbox 549 4605 614 4657; x_wconf 87' lang='lat' dir='ltr'><strong>not.</strong></span> <span class='ocrx_word' id='word_1_269' title='bbox 633 4591 718 4655; x_wconf 89' lang='lat' dir='ltr'><strong>uber.</strong></span> <span class='ocrx_word' id='word_1_270' title='bbox 997 4591 1083 4654; x_wconf 88' lang='lat' dir='ltr'><strong>uber.</strong></span> <span class='ocrx_word' id='word_1_271' title='bbox 1098 4593 1137 4656; x_wconf 85' lang='lat' dir='ltr'><strong>ad</strong></span> <span class='ocrx_word' id='word_1_272' title='bbox 1150 4594 1241 4656; x_wconf 85' lang='lat' dir='ltr'><strong>linem</strong></span> <span class='ocrx_word' id='word_1_273' title='bbox 1256 4593 1327 4655; x_wconf 86' lang='lat' dir='ltr'><strong>libri</strong></span> <span class='ocrx_word' id='word_1_274' title='bbox 1347 4591 1448 4676; x_wconf 87' lang='lat' dir='ltr'><strong>primi.</strong></span> 
     </span>
    </p>

    <p class='ocr_par' dir='ltr' id='par_1_7' title="bbox 308 4692 1705 5292">
     <span class='ocr_line' id='line_1_35' title="bbox 354 4692 1606 4787; baseline -0.008 -24"><span class='ocrx_word' id='word_1_275' title='bbox 354 4703 492 4763; x_wconf 81' lang='lat' dir='ltr'><strong>²Vt&#39;ttam</strong></span> <span class='ocrx_word' id='word_1_276' title='bbox 505 4705 627 4787; x_wconf 81' lang='lat' dir='ltr'><strong>proprio</strong></span> <span class='ocrx_word' id='word_1_277' title='bbox 643 4703 739 4786; x_wconf 76' lang='lat' dir='ltr'><strong>copiti</strong></span> <span class='ocrx_word' id='word_1_278' title='bbox 758 4699 935 4782; x_wconf 75' lang='lat' dir='ltr'><strong>detractam]</strong></span> <span class='ocrx_word' id='word_1_279' title='bbox 1042 4697 1221 4782; x_wconf 79' lang='lat' dir='ltr'><strong>³Gesscrat]</strong></span> <span class='ocrx_word' id='word_1_280' title='bbox 1244 4705 1459 4782; x_wconf 77' lang='lat' dir='ltr'><strong>Fragmentum</strong></span> <span class='ocrx_word' id='word_1_281' title='bbox 1475 4692 1606 4758; x_wconf 73' lang='lat' dir='ltr'><strong>membra·</strong></span> 
     </span>
     <span class='ocr_line' id='line_1_36' title="bbox 308 4797 1605 4891; baseline -0.005 -23"><span class='ocrx_word' id='word_1_282' title='bbox 308 4809 357 4868; x_wconf 82' lang='lat' dir='ltr'><strong>De</strong></span> <span class='ocrx_word' id='word_1_283' title='bbox 371 4805 431 4866; x_wconf 89' lang='lat' dir='ltr'><strong>boc</strong></span> <span class='ocrx_word' id='word_1_284' title='bbox 454 4806 561 4886; x_wconf 84' lang='lat' dir='ltr'><strong>capitis</strong></span> <span class='ocrx_word' id='word_1_285' title='bbox 584 4802 670 4870; x_wconf 83' lang='lat' dir='ltr'><strong>cultu</strong></span> <span class='ocrx_word' id='word_1_286' title='bbox 682 4803 755 4868; x_wconf 83' lang='lat' dir='ltr'><strong>viris</strong></span> <span class='ocrx_word' id='word_1_287' title='bbox 771 4806 937 4887; x_wconf 82' lang='lat' dir='ltr'><strong>elegantio·</strong></span> <span class='ocrx_word' id='word_1_288' title='bbox 997 4825 1064 4883; x_wconf 68' lang='lat' dir='ltr'><strong>nm,</strong></span> <span class='ocrx_word' id='word_1_289' title='bbox 1083 4805 1121 4867; x_wconf 83' lang='lat' dir='ltr'><strong>de</strong></span> <span class='ocrx_word' id='word_1_290' title='bbox 1150 4821 1211 4891; x_wconf 86' lang='lat' dir='ltr'><strong>qno</strong></span> <span class='ocrx_word' id='word_1_291' title='bbox 1238 4805 1307 4869; x_wconf 81' lang='lat' dir='ltr'><strong>ride</strong></span> <span class='ocrx_word' id='word_1_292' title='bbox 1330 4807 1548 4891; x_wconf 76' lang='lat' dir='ltr'><strong>Prolegbmeua</strong></span> <span class='ocrx_word' id='word_1_293' title='bbox 1566 4797 1605 4862; x_wconf 84' lang='lat' dir='ltr'><strong>od.</strong></span> 
     </span>
     <span class='ocr_line' id='line_1_37' title="bbox 312 4907 1334 4996; baseline 0.001 -23"><span class='ocrx_word' id='word_1_294' title='bbox 312 4909 398 4974; x_wconf 86' lang='lat' dir='ltr'><strong>ribus</strong></span> <span class='ocrx_word' id='word_1_295' title='bbox 410 4931 474 4972; x_wconf 88' lang='lat' dir='ltr'><strong>non</strong></span> <span class='ocrx_word' id='word_1_296' title='bbox 487 4910 588 4973; x_wconf 83' lang='lat' dir='ltr'><strong>minus</strong></span> <span class='ocrx_word' id='word_1_297' title='bbox 600 4931 693 4996; x_wconf 83' lang='lat' dir='ltr'><strong>quam</strong></span> <span class='ocrx_word' id='word_1_298' title='bbox 715 4907 848 4972; x_wconf 74' lang='lat' dir='ltr'><strong>feminis</strong></span> <span class='ocrx_word' id='word_1_299' title='bbox 868 4913 942 4976; x_wconf 85' lang='lat' dir='ltr'><strong>oliru</strong></span> <span class='ocrx_word' id='word_1_300' title='bbox 998 4924 1089 4988; x_wconf 70' lang='lat' dir='ltr'><strong>nost,</strong></span> <span class='ocrx_word' id='word_1_301' title='bbox 1111 4911 1202 4975; x_wconf 84' lang='lat' dir='ltr'><strong>habet</strong></span> <span class='ocrx_word' id='word_1_302' title='bbox 1224 4929 1334 4996; x_wconf 78' lang='lat' dir='ltr'><strong>egerat.</strong></span> 
     </span>
    </p>
   </div>
   <div class='ocr_carea' id='block_1_4' title="bbox 0 0 1726 5456">
    <p class='ocr_par' dir='ltr' id='par_1_8' title="bbox 0 0 1726 5456">
     <span class='ocr_line' id='line_1_38' title="bbox 0 0 1726 5456; baseline 0 0"><span class='ocrx_word' id='word_1_303' title='bbox 0 0 1726 5456; x_wconf 95' lang='lat' dir='ltr'><strong> </strong></span> 
     </span>
    </p>
   </div>
   <div class='ocr_carea' id='block_1_5' title="bbox 1696 5309 1704 5423">
    <p class='ocr_par' dir='ltr' id='par_1_9' title="bbox 1696 5309 1704 5423">
     <span class='ocr_line' id='line_1_39' title="bbox 1696 5309 1704 5423; baseline 0 0"><span class='ocrx_word' id='word_1_304' title='bbox 1696 5309 1704 5423; x_wconf 91' lang='lat' dir='ltr'><strong>l</strong></span> 
     </span>
    </p>
   </div>
  </div>
 </body>
</html>
