3446 5458
353 318 424 393 aas
686 312 861 383 lilS'l'OR.
883 313 988 384 Das.
1005 313 1141 382 LIBER
1163 313 1217 382 tlt.

433 527 548 623 Cujus
571 523 781 598 industriam
802 547 863 594 rex
878 518 1029 620 perinde
1046 545 1089 594 ac
1113 518 1276 595 divinum
1293 519 1441 622 aliquod
1463 528 1600 636 ingam-

305 675 366 725 um
393 664 603 738 veneratus,
633 644 743 718 filiam
768 649 799 716 ci
824 649 860 717 in
892 648 1158 718 matrimonium
1183 640 1297 735 dedit3
1336 643 1602 732 affirmationem

302 795 454 873 quoqne
468 771 547 868 ejus
562 785 733 868 tanquam
757 763 904 840 coelcstc
919 763 1105 864 quoddam
1126 765 1368 838 testimonium
1383 765 1602 866 amplexatus

302 911 365 972 est.
433 895 610 968 Ceterum
633 894 781 964 comites
809 893 942 987 ipsius,
978 902 1020 960 ut
1044 887 1148 960 amici
1173 885 1602 975 mandatissatislacerct,

300 1022 464 1117 proxima
478 1011 537 1088 die
551 1011 747 1111 suspendio
767 1015 1000 1108 consumpsit.
1066 1006 1176 1100 Quod
1190 1009 1404 1086 beneficium
1420 1007 1602 1087 Amlctbus

301 1157 473 1237 tanquam
488 1135 654 1234 injuriam
680 1132 844 1206 simulata
864 1133 969 1204 animi
986 1129 1150 1204 molestia
1171 1148 1404 1230 prosecutus,
1434 1157 1603 1208 arnume

301 1286 387 1360 rege
400 1259 669 1357 compositionis
683 1256 828 1328 nomine
843 1258 996 1350 recepit,
1023 1252 1124 1350 quod
1138 1254 1371 1352 postmodum
1394 1256 1467 1352 igni
1482 1253 1603 1352 liqua-

301 1400 379 1458 tum
395 1381 491 1456 clam
507 1381 638 1454 cavatis
654 1375 796 1452 baculis
809 1372 1074 1450 infundendum
1090 1382 1235 1450 eviravit

431 1499 541 1600 Apud
566 1525 678 1598 quem
701 1524 835 1573 annum
864 1522 1048 1588 ememus,
1088 1505 1276 1597 impetrata
1305 1499 1537 1597 profectionis
1559 1496 1608 1572 li-.

301 1633 427 1718 centia,
442 1627 594 1724 patriam
616 1623 755 1719 repetit,
780 1619 869 1692 nihil
884 1646 1066 1720 secumex
1082 1623 1180 1694 omni
1203 1623 1381 1718 regiarum
1407 1645 1521 1720 opum
1537 1645 1605 1718 ap-

301 1764 431 1848 paratu
446 1761 578 1844 praeter
591 1743 736 1844 gerulos
751 1749 827 1816 auri
846 1740 998 1816 bacillos
1014 1741 1221 1841 deportans.
1277 1747 1322 1816 Ut
1338 1747 1470 1819 Jutiam
1486 1744 1606 1841 attigit,

302 1885 517 1972 presentem
540 1863 677 1938 cultum
707 1870 862 1963 pristinis
878 1871 1095 1963 permutavit
1110 1863 1285 1956 moribus,
1321 1867 1456 1964 quibus
1471 1865 1522 1938 ad
1536 1864 1605 1954 hc-

247 2026 251 2035 ’
302 2008 475 2068 aestatem
496 2012 583 2064 usus
599 1987 734 2076 suerat,
762 1992 798 2058 in
814 1985 975 2060 ridiculae
1002 1984 1269 2063 consuetudinis
1297 1993 1454 2086 speciem
1476 1987 1526 2063 de
1547 1990 1606 2072 iu-

302 2115 440 2212 dustria
460 2101 653 2186 conversis.
705 2111 871 2207 Cumque
891 2109 1093 2202 triclinium,
1118 2115 1154 2182 in
1180 2135 1256 2208 quo
1280 2135 1356 2186 ause
1382 2109 1607 2188 ducebantur

303 2237 484 2336 exequiae,
509 2230 679 2330 squalore
701 2231 840 2304 obsitus
855 2232 1037 2320 intrasset,
1069 2237 1263 2309 maximnm
1283 2232 1452 2309 munibus
1474 2249 1607 2331 strupo·

302 2383 379 2433 rem
396 2357 534 2456 injecit,
567 2353 669 2453 quod
690 2353 829 2428 obitum
849 2355 928 2451 ejus
950 2353 1042 2428 lalso
1058 2353 1155 2429 fama
1170 2355 1389 2454 vulgaverat.
1448 2354 1507 2429 Aa
1522 2355 1608 2430 ulti-

302 2475 552 2578 mumhorror
565 2483 602 2548 in
615 2481 726 2550 risum
743 2480 936 2566 concessit,
969 2475 1271 2574 exprobrantibus
1300 2477 1368 2551 sibi
1393 2493 1524 2552 rnutuo
1545 2503 1609 2576 per

302 2601 503 2677 ludibrium
522 2599 693 2690 convivis,
719 2601 842 2671 vivum
864 2596 993 2690 affore,
1026 2585 1137 2698 quern
1157 2604 1224 2698 ipsi
1246 2599 1396 2698 perinde
1416 2599 1608 2684 audefun-

302 2741 402 2800 etum
415 2721 549 2796 taleriis
572 2734 888 2819 prosequerentur.
947 2719 1046 2794 ldem
1069 2745 1185 2820 super·
1199 2722 1393 2800 comitibus
1407 2728 1609 2823 interroga-.-

282 2864 372 2940 tus,
399 2849 561 2938 ostensis,
584 2866 679 2941 quos
694 2840 868 2939 gestabat,
884 2841 1035 2935 baculis,
1056 2840 1127 2937 hic,
1152 2843 1278 2940 inquit,
1304 2859 1339 2918 et
1354 2867 1448 2924 unus
1464 2843 1610 2932 etalitts

301 2985 365 3046 est.
418 2964 528 3062 Quod
549 2979 669 3038 utrum
685 2965 804 3038 verius
829 2987 875 3036 an
889 2965 1049 3061 jocosius
1067 2963 1268 3062 prenderit,
1282 2972 1429 3043 nescias.
1483 2969 1627 3067 siqui·-

302 3090 444 3166 demea
459 3115 541 3179 vox,
567 3109 776 3187 quanquam
793 3111 816 3158 a
828 3085 1012 3186 plerisque
1028 3110 1120 3162 vana
1143 3093 1337 3163 existimata
1352 3087 1471 3182 fuerit,
1499 3093 1608 3172 avrti

209 3275 211 3282 .
302 3229 422 3288 tamen
436 3207 563 3284 habitu
586 3235 661 3284 non
681 3207 847 3298 descivit,
879 3233 961 3305 quae
984 3225 1257 3307 peremptorum
1283 3209 1368 3286 loco
1390 3213 1610 3309 pensat-iouis

302 3359 429 3410 eorum
451 3336 608 3432 pretium
625 3329 903 3408 demonstrabat
960 3332 1141 3404 Pincernis
1156 3331 1306 3423 deinde,
1338 3357 1414 3432 quo
1434 3335 1610 3432 majorem

301 3452 694 3550 convivishilaritatem
716 3451 874 3544 afferret,
909 3454 1140 3550 conjunctus,
1176 3458 1373 3529 curiosiore
1393 3453 1611 3552 propinandi

302 3577 420 3653 officio
435 3575 662 3676 fungebatur.
723 3577 769 3646 Et
785 3599 1012 3674 regressum
1036 3573 1151 3650 laxior
1163 3579 1271 3652 vestis
1284 3576 1491 3670 offenderet,
1516 3576 1625 3650 latus-

301 3697 423 3800 gladio
439 3701 556 3804 cinxit,
582 3722 691 3796 quem
705 3695 928 3794 plerumque,
938 3693 984 3768 dc
999 3695 1175 3774 industria
1199 3698 1413 3799 distringens
1438 3719 1613 3800 supremo
1629 3763 1632 3766 .

223 3865 227 3874 ·
302 3821 433 3920 digitos
449 3822 613 3894 acumine
628 3817 850 3894 vulnerabat.
904 3821 1153 3911 Quamobrem
1168 3846 1191 3894 a
1204 3822 1521 3896 circumstantibus
1536 3849 1611 3896 cu-

301 3958 438 4034 ratum,
463 3957 502 4016 ut
528 3939 669 4042 gladius
685 3965 779 4012 *cum
800 3943 929 4041 vagina
951 3941 1069 4015 ferreo
1093 3943 1198 4016 clavo
1218 3944 1451 4042 trajiceretur.
1511 3943 1611 4017 idem

301 4091 379 4165 quo
393 4069 561 4138 tutiorem
579 4061 713 4136 insidiis
731 4060 866 4136 aditum
883 4080 1044 4157 strueret,
1069 4057 1217 4166 petitam
1232 4063 1373 4165 poculis
1386 4065 1609 4140 nobilitatem

301 4187 438 4260 crebris
446 4185 656 4288 potionibus
672 4173 843 4282 oneravit,
862 4169 1026 4286 adeoque
1039 4204 1188 4262 cunctos
1205 4213 1305 4261 mero
1321 4187 1456 4280 obruit,
1466 4171 1517 4283 ut,
1534 4187 1609 4264 de-

301 4307 445 4384 bilitatis
461 4308 670 4410 temulentia
685 4305 851 4406 pedibus,
868 4313 958 4385 intra
972 4303 1110 4408 regiam
1122 4312 1235 4407 quieti
1250 4338 1289 4388 se
1303 4309 1499 4410 traderent,
1511 4336 1610 4388 eun-
1631 4367 1634 4372 ,

302 4429 459 4530 demque
482 4430 637 4504 convivii
659 4445 694 4504 et
714 4427 798 4506 lecti
816 4430 940 4507 locvm
964 4427 1149 4506 haberent.
1211 4437 1313 4528 Quos
1333 4459 1452 4532 quum
1472 4433 1613 4508 insidiis
1633 4484 1640 4511 s

250 4583 253 4590 ¹
300 4569 530 4650 opportunos
541 4551 855 4646 animadverteret,
880 4553 1039 4628 oblatam
1053 4558 1233 4654 propositi
1254 4553 1463 4633 musam
1485 4561 1611 4630 existi-

301 4683 415 4765 mans,
440 4691 662 4773 praeparatos
678 4674 765 4747 olim
786 4679 923 4774 stipites
946 4681 1026 4750 sinu
1050 4679 1191 4776 excipit,
1216 4701 1260 4751 ae
1277 4671 1408 4752 deinde
1422 4677 1547 4771 mdcan,
1572 4683 1611 4748 in

302 4821 377 4893 qua
398 4813 568 4893 proceres
586 4801 731 4895 ¹‘passim
759 4796 848 4870 fusis
874 4795 977 4871 humi
994 4799 1216 4898 corporibus
1238 4807 1454 4900 permixtam
1479 4818 1610 4876 somno
