3476 5460
583 357 584 362 κ
654 305 903 378 svvannus.
1169 302 1171 308 ’
1315 263 1390 380 tor

124 529 234 586 verat.
292 514 339 588 lit
361 509 397 586 hi
420 507 569 612 quidem
584 513 881 590 consvetudinem
896 513 1106 616 jugulandi,
1132 537 1227 612 quos
1247 513 1438 614 hospitali-

121 651 178 710 ter
189 639 427 734 recepissent,
450 632 651 726 habebant,
672 634 892 710 liberalitatis
914 641 1032 735 specie
1055 636 1277 710 latrocinium
1300 639 1441 714 obscu⁴

122 781 204 830 rare
226 755 412 832 callentes.-
464 755 622 830 Trabem
642 761 736 831 enim
759 761 798 832 iu
821 756 971 832 modum
1003 757 1092 859 preli
1117 757 1314 858 oblongam
1347 785 1440 834 ean·-

120 877 283 975 dernque
300 868 565 952 terri'aoumtne
597 879 787 980 preditum
822 882 958 954 arcanis
983 876 1204 978 quibusdam
1227 881 1378 956 vinculis
1403 885 1439 956 iu

104 999 264 1074 ,excelsa
276 997 407 1072 domus
424 1011 525 1098 parte
540 1002 822 1103 suspenderant,
842 1027 953 1102 quarn
968 1019 1146 1076 nocturno
1164 1017 1326 1102 ternpore
1343 1004 1438 1082 sub-

118 1121 238 1196 ductis
268 1119 419 1194 nexibus
458 1119 678 1198 demittentes
716 1125 966 1226 subjectorum
992 1129 1108 1222 capita
1142 1119 1312 1198 desecare
1337 1125 1439 1199 sole·

117 1242 219 1316 bant.
278 1244 447 1340 laquem
474 1243 624 1319 modum
648 1249 889 1348 complurium
909 1250 1057 1324 vertices
1078 1245 1206 1347 pensili
1227 1245 1439 1346 moleprae-

117 1364 289 1438 ciderunt.
355 1369 466 1464 Igitur
494 1367 641 1442 Ebboni
661 1376 810 1471 suisque
833 1388 916 1472 post
945 1368 1073 1482 epulas
1095 1369 1242 1444 abunde
1268 1369 1438 1468 praebitas

117 1511 232 1586 penes
256 1487 378 1562 locum
404 1491 551 1564 ministri
574 1508 694 1565 torum
718 1511 896 1586 exnuunt,
919 1509 959 1567 ut
981 1490 1178 1590 applicatas
1192 1492 1266 1591 igni
1283 1498 1440 1568 cervices

117 1609 299 1686 insidiosae
321 1610 433 1684 trabis
448 1611 609 1709 impulsu
623 1611 849 1690 demeterent.
906 1615 1047 1710 Quibus
1062 1611 1340 1688 abscedentibus
1355 1613 1437 1687 Eb-

117 1733 186 1825 bo,
218 1735 422 1830 impensum
447 1733 626 1832 capitibus
651 1734 978 1810 machinamentum
1003 1741 1218 1836 suspiciens,
1240 1742 1358 1810 socios
1383 1738 1438 1808 si-

116 1853 394 1930 mulatusomno
409 1879 565 1956 corpora
583 1872 814 1956 transponere
824 1859 941 1960 jubet,
965 1857 1147 1959 praelatus,
1166 1882 1343 1958 perquam
1371 1880 1437 1930 sa-

117 1979 271 2054 lutarem
289 1980 339 2052 eis
352 1977 422 2052 loci
441 1981 667 2054 variationem
684 1983 841 2056 existere.
893 1985 1009 2055 Fuere
1030 1997 1151 2055 autern
1165 1986 1256 2054 lnter
1268 2003 1331 2054 eos
1348 1984 1436 2080 qui-

116 2100 206 2174 dam
222 2099 270 2172 ab
286 2099 450 2174 Ebbonis
466 2099 626 2174 clientela
642 2107 810 2196 extranei,
835 2107 910 2202 qui,
924 2109 1070 2202 spretis,
1096 2129 1179 2202 quas
1203 2107 1319 2176 caeteri
1347 2125 1437 2174 exe-

116 2223 343 2323 quebantur,
368 2225 527 2313 monitis,
555 2225 703 2314 bnmoti,
732 2241 770 2298 ut
793 2231 926 2322 cuique
945 2223 1087 2323 jacendi
1111 2223 1215 2298 locus
1230 2224 1439 2313 obvenerat,

117 2346 334 2424 cubuerunt.
398 2345 475 2418 Sub
500 2369 654 2443 opacam
680 2369 768 2420 vero
794 2363 937 2420 noctem
960 2345 1007 2418 ab
1038 2344 1246 2419 insidiarum
1270 2347 1438 2418 ministris

116 2468 321 2570 pendulum
343 2467 615 2542 machinamenti
638 2467 784 2567 pondus
808 2466 1015 2567 impellitur.
1074 2465 1184 2561 Quod
1206 2466 1322 2558 nodis,
1348 2469 1436 2566 qui-

115 2591 193 2666 bus
208 2589 417 2683 inherebat,
449 2615 636 2666 excussum
665 2613 868 2692 magnaque
895 2590 929 2662 vi
955 2587 1034 2662 solo
1048 2583 1216 2662 adactum
1251 2589 1436 2688 subjectos

116 2717 224 2788 exitio
245 2710 397 2786 tradidit.
458 2717 569 2814 lgitur
594 2717 655 2812 qui
682 2713 846 2786 facinoris
870 2709 1068 2810 exequendi
1099 2735 1221 2784 curam
1245 2710 1437 2800 habebant,

115 2861 197 2935 quo
214 2836 344 2908 sertim
357 2836 410 2908 rei
424 2851 592 2910 eventum
608 2834 804 2928 discerent,
830 2833 929 2908 illato
948 2834 1094 2924 lumine,
1110 2833 1315 2924 Ebbonenr,
1341 2857 1436 2930 pro·
1528 2908 1530 2916 ,

115 2975 201 3058 pter
221 2980 331 3056 quern
358 2958 509 3028 maxime
530 2979 606 3028 rem
636 2955 756 3031 adorsi
782 2957 939 3060 lucrant,
965 2954 1162 3055 prudenter
1185 2952 1349 3053 periculo
1368 2978 1436 3026 oc-

117 3082 272 3156 currisse
294 3094 525 3178 cognoscunt.
582 3083 613 3152 A
638 3105 715 3178 quo
739 3079 903 3178 protinus
931 3079 1080 3176 impetiti
1112 3082 1285 3177 sanguine
1309 3099 1437 3175 poenas

117 3201 305 3278 dederunt.
355 3198 466 3272 Ebbo
481 3225 641 3298 quoque,
656 3203 730 3275 suis
750 3225 817 3300 per
838 3215 1001 3272 mutuam
1017 3217 1172 3299 stragem
1187 3201 1344 3288 amissis,
1360 3198 1438 3272 fre·

44 3355 47 3358 ·
115 3339 291 3426 quentem
308 3319 469 3394 crustulis
485 3321 695 3422 glacialibus
721 3347 869 3396 amnem.
883 3322 1024 3394 invento
1043 3321 1134 3394 forte
1157 3327 1301 3420 navigio
1320 3345 1438 3420 supe·

116 3465 193 3539 rat,
219 3448 429 3542 ceteroque
452 3441 562 3518 cladis
583 3467 658 3518 suae
680 3447 798 3544 potius
823 3469 935 3546 quarn
960 3443 1144 3544 legationis
1168 3459 1336 3518 eventum
1365 3440 1436 3514 de·-

118 3570 241 3645 clarat.

251 3693 367 3782 Quam
392 3711 469 3761 rem
496 3690 652 3764 Gotarus
686 3713 707 3760 a
739 3689 892 3788 Syvardi
917 3687 1085 3762 instinctu
1111 3685 1308 3784 profectam
1332 3683 1436 3786 judi-

116 3838 218 3903 cans,
229 3812 442 3910 injuriarum
458 3808 648 3884 vindictam
672 3811 780 3884 armis
798 3813 927 3911 exequi
941 3825 1056 3909 parat.
1106 3814 1137 3881 A
1161 3833 1237 3907 quo
1254 3807 1437 3906 Syvardus

116 3934 222 4037 apud
237 3931 462 4006 llabandiam
475 3949 709 4030 expugnatus,
733 3957 858 4007 sorore
872 3935 920 4006 ab
942 3931 1107 4006 hostibus
1126 3946 1248 4029 capta,
1283 3955 1438 4004 conces-
1480 3931 1487 3948 ‘

114 4063 164 4136 sit
179 4061 365 4132 inlutisrn.
388 4050 673 4128 UbiSclavorum
694 4056 834 4156 vulgus,
849 4081 1011 4154 pugnam
1027 4059 1102 4130 sine
1116 4057 1280 4154 principe
1296 4077 1437 4142 ausum,

116 4185 196 4256 scie
206 4179 398 4278 superavit,
412 4191 551 4250 tantum
570 4173 694 4274 gloriae
713 4203 755 4250 ex
773 4179 917 4252 victoria
935 4195 1073 4268 nactus,
1096 4193 1271 4275 quantum
1290 4201 1333 4246 ex
1352 4173 1437 4272 luga

116 4301 304 4378 dedecoris
321 4313 480 4374 traxerat.
533 4299 668 4370 Verum
696 4298 841 4392 iisdem,
870 4323 964 4400 quos
983 4299 1092 4374 ductu
1117 4321 1252 4374 vacuos
1268 4294 1436 4371 debella-

116 4441 231 4520 verat,
257 4423 465 4524 paulopost
482 4418 612 4520 ducem
626 4431 735 4496 nactis
749 4445 872 4522 pugna
888 4419 989 4518 apud
1007 4423 1166 4498 Fionism
1184 4421 1298 4498 cessit
1355 4417 1437 4494 Ada-

116 4741 205 4806 xonis
228 4739 260 4802 in
281 4737 379 4802 Daris
402 4734 561 4822 frequens,
580 4733 633 4800 sed
659 4733 743 4823 quod
808 4737 839 4800 in
866 4738 1067 4824 monumentis
1090 4736 1243 4800 lalandicis
1277 4738 1324 4802 vix
1354 4737 1437 4800 inve·

813 4843 903 4904 nitur.
1056 4853 1057 4859 ’
