3548 5470
693 353 939 429 namneus
1373 355 1422 429 47

158 561 341 638 dulitatis¹
368 561 627 640 documentum
651 563 806 666 reliquit.
865 563 1004 663 Dignos
1019 559 1179 653 dixerim,
1197 569 1259 662 qui
1282 565 1409 640 solutae
1425 585 1474 642 ta·

157 690 371 769 citumitatis
387 711 516 786 poenos
540 686 714 787 patibulis
735 685 886 775 luerent,
910 709 1006 800 quos
1029 709 1113 760 cum
1136 684 1264 760 silentii
1284 687 1475 766 salubritas

159 825 257 884 totos
274 825 446 908 praestare
460 825 596 910 posset,
622 815 723 884 vocis
738 807 915 883 stoliditas
931 811 968 880 in
990 809 1136 881 exitium
1162 811 1343 907 pertraxit.

264 933 329 1006 His
356 937 475 1032 gestis,
496 930 683 1033 Hadingus
699 957 767 1032 per
780 957 963 1006 summum
985 930 1185 1030 integrandi
1211 929 1299 1006 belli
1322 957 1474 1034 appara·

159 1072 239 1128 tum
255 1053 421 1154 hyberna
439 1079 674 1154 permensus,
697 1080 810 1130 verno
833 1053 911 1128 sole
939 1053 1136 1153 frigoribus
1157 1053 1301 1152 liquatis
1321 1059 1475 1132 Svetiarn

157 1179 302 1278 repetit,
317 1177 443 1277 ibique
458 1176 613 1252 lustrum
629 1174 815 1250 militando
837 1173 1000 1249 coniecit.
1050 1179 1165 1277 Cujus
1180 1178 1319 1270 rnilitcS,
1336 1179 1476 1254 diutur-

157 1325 217 1372 nae
241 1295 477 1399 expeditionis
499 1303 646 1402 negotio
667 1300 893 1398 consumptis
911 1297 1099 1390 alimentis,
1117 1297 1164 1372 ad
1190 1301 1351 1372 ultimam
1372 1329 1477 1401 paene

159 1422 285 1496 tabem
306 1421 454 1514 redacti,
476 1421 700 1496 silvestribus
723 1420 989 1522 lungisfamem
1003 1420 1114 1495 lenire
1132 1440 1331 1523 coeperunt.
1381 1431 1478 1500 Tun·

161 1545 250 1620 dem
265 1569 334 1644 per
349 1568 526 1620 summam
540 1548 756 1620 necessitatis
770 1531 1002 1644 indigentiam
1016 1545 1320 1620 commanducatis
1337 1550 1477 1648 equis²,

160 1667 211 1742 ad
232 1683 458 1767 postremum
481 1675 608 1742 canina
638 1667 817 1742 cadavera
843 1665 1060 1764 corporibus
1090 1636 1326 1742 indulseruni.
1407 1673 1477 1748 Sed

162 1817 286 1890 neque
306 1787 474 1864 humanis
497 1791 650 1873 ambus
674 1793 772 1867 vesci
793 1789 895 1863 nefas
924 1787 1100 1862 hobitum.
1163 1792 1288 1888 Itaque
1309 1794 1419 1869 Darnis
1440 1797 1475 1868 in

162 1929 338 1988 extremas
358 1910 617 2013 desperationis
641 1919 823 2014 angustias
838 1912 1048 2011 compulsis,
1062 1929 1167 1987 nocte
1182 1909 1379 2004 concubia,
1402 1923 1477 1992 sine

164 2051 310 2109 auctore
330 2033 402 2108 tale
417 2041 546 2110 eastris
556 2061 702 2110 carmen
722 2038 916 2111 insonuit³r

469 2163 573 2232 Tetra
591 2172 747 2262 penates
761 2159 878 2231 orans
887 2159 1035 2260 patrios

467 2282 649 2384 bilaistis,
668 2279 736 2354 lucc
750 2305 814 2355 rus
825 2285 947 2356 Marte
960 2281 1062 2382 sequi
1074 2279 1157 2352 rati.

469 2409 561 2505 (luae
576 2429 683 2477 uana
697 2419 833 2478 ntenoes
855 2401 945 2478 ludit
959 2395 1108 2505 opinio?

398 2577 404 2589 -
469 2532 675 2628 Qoaecaeca
699 2523 1151 2628 sensuscompuitfidss⁴,

472 2655 552 2722 Hoc
568 2649 789 2724 arbitrantes
797 2673 909 2751 posse
933 2647 1047 2722 scium
1066 2639 1180 2745 capi?

469 2777 556 2847 Non
578 2769 778 2874 amplitudo
795 2772 941 2848 Scetica
956 2769 1097 2859 cedere,

467 2899 553 2970 Non
570 2909 773 2969 exterorum
786 2900 907 2970 Marte
918 2893 1018 2967 valet
1030 2895 1141 2994 quati.

469 3023 522 3092 At
533 3044 676 3092 summa
694 3018 808 3092 vestri
819 3017 951 3119 defluet
966 3017 1140 3116 aguricus,

469 3143 558 3214 Cum
576 3145 698 3215 Marte
713 3156 854 3215 nostros
867 3144 1014 3242 creperet
1027 3140 1191 3240 aggredi.

471 3269 573 3338 Nam
589 3288 671 3337 cum
679 3263 850 3363 serooem
861 3265 1048 3365 vantsuga
1062 3264 1223 3354 solverit,

471 3391 519 3459 Et
526 3387 739 3489 proeliorum
748 3413 847 3490 pars
858 3413 964 3488 vaga
988 3387 1143 3476 labina,

470 3515 516 3581 In
533 3525 637 3610 terga
652 3510 786 3584 dantes
799 3515 919 3585 Marte
926 3508 1129 3614 prioribus5

476 3633 594 3707 Caedis
600 3647 768 3736 potestas
782 3633 924 3708 &bema
944 3633 1056 3708 datur
1063 3691 1078 3726 ,

471 3757 664 3878 t'llajorque
666 3757 772 3856 ferri
775 3771 894 3860 parta
910 3757 1073 3849 licentia,

476 3883 564 3952 Cum
579 3903 659 3952 sors
673 3879 835 3953 rebellem
841 3879 1217 3984 proecipitemsugat;

472 4005 550 4076 Nee
567 4001 640 4076 tela
655 4001 796 4093 tendat,
820 4029 926 4104 quem
940 4022 1054 4079 nocuas
1070 3999 1257 4076 abstrahit.
1373 4063 1377 4079 .

1311 2316 1313 2326 ³
1447 2249 1456 2302 l

219 4286 449 4370 'Cmduiitatis]
464 4293 509 4352 lta
521 4289 704 4374 stephanius
717 4303 801 4354 recta
860 4290 979 4376 bjiirni3
996 4279 1057 4356 vid.
1075 4287 1185 4356 Sched.
1209 4285 1274 4352 Arii
1286 4281 1429 4348 Multiseii
1448 4303 1484 4346 ex

167 4395 311 4480 reposuit
345 4415 405 4480 pro
437 4397 621 4459 crudelitates
631 4442 644 4469 ,
680 4397 734 4482 qni
768 4395 800 4460 in
860 4395 908 4462 ed.
922 4397 1060 4466 Wormii
1072 4418 1104 4481 p.
1129 4391 1198 4470 113

167 4501 308 4565 edidero
328 4501 467 4587 principe
489 4499 666 4566 manifestus
687 4513 733 4565 est
753 4521 802 4566 er·
908 4505 1006 4588 *Qua
1025 4525 1101 4564 coeaa
1121 4523 1221 4562 sensus
1241 4501 1384 4586 arrpuit
1390 4495 1484 4581 sdes]

167 4629 236 4672 ron
857 4609 945 4671 Fides
965 4625 1024 4691 pro
1037 4603 1147 4669 fidncia
1161 4605 1219 4684 sui,
1232 4601 1473 4668 confidentis-8
1437 4599 1487 4686 (8)

219 4713 501 4778 δοπιιιιαιιόιιοαιυ
509 4739 574 4800 equ
565 4711 603 4795 s]
611 4709 671 4776 vad
680 4711 802 4774 notuit.
905 4716 1033 4776 ‘Marte
1063 4708 1226 4799 praba-ibas]
1262 4709 1486 4796 Superioribus,

219 4817 912 4902 'Ccmnrnsoauat]81mrlaproesagi·qui
927 4815 1086 4882 sictonam
1102 4815 1261 4896 obtinent,
1282 4817 1335 4902 qui
1350 4815 1486 4900 superio-

170 4945 228 4988 um
250 4939 510 4994 commemoratur
529 4927 563 4990 in
575 4923 700 5012 historia
719 4923 804 5004 Styr-
861 4937 958 4988 nasot
972 4923 1102 4990 uictores
1116 4919 1307 5005 orantis
1307 4918 1321 5004 )
