3458 5454
499 331 747 408 natamus
773 333 1072 410 attentant).
1315 339 1387 410 373

128 546 186 635 vir,
202 541 251 622 ad
264 539 521 618 conserendam
535 549 684 624 cumeis
697 571 844 620 manum
861 545 942 622 solo
958 545 1107 622 satellite
1124 545 1339 620 muliebriter
1355 548 1437 624 cul-

126 683 167 740 to
199 679 387 740 contentus
428 667 589 763 perrexit.
670 671 837 768 Cumque
862 695 936 743 uon
964 667 1073 771 longe
1094 669 1274 744 Theronis
1300 668 1438 744 aedibus

125 786 286 882 abesset,
309 809 418 860 snum
434 787 644 890 comitisque
666 787 802 866 ferrum
817 797 950 866 cavatis
967 790 1105 866 baculis
1121 789 1351 866 condendam
1367 817 1438 864 cu-

124 911 225 984 ravit.
276 912 320 982 At
333 907 397 980 ubi
413 911 549 1008 regiam
563 911 684 1004 subiit,
708 939 836 988 rerum
857 919 929 988 oris
946 912 1109 988 habiturn
1133 912 1328 987 adulterina
1346 939 1437 1012 spe·-

123 1034 181 1106 ole
197 1033 442 1130 supprimens,
467 1030 642 1106 obtritum
661 1036 763 1110 annis
790 1034 972 1110 hominem
990 1031 1190 1108 simulabat.
1239 1033 1349 1132 Apud
1365 1039 1438 1134 Sy-

123 1153 281 1228 rardum
309 1177 398 1228 vero
422 1175 462 1226 se
488 1157 669 1253 egentium
700 1163 843 1256 regem¹
871 1160 1000 1251 luisse,
1043 1155 1181 1256 filiique
1213 1159 1292 1256 ejus
1316 1157 1438 1230 Olonis

122 1275 212 1350 odio
235 1276 448 1373 pertinacius
470 1292 591 1366 actum
612 1277 758 1352 exulare
775 1278 929 1356 dicebat.
996 1284 1113 1374 Quem
1135 1304 1217 1352 mox
1239 1278 1435 1352 aulicorum

121 1399 288 1498 plerique
312 1400 407 1498 regis
426 1399 569 1472 uonrine
589 1399 870 1495 consalutantes,
902 1402 1058 1501 genibus
1079 1403 1149 1474 uiri
1175 1403 1354 1475 manusei
1373 1425 1437 1498 per
1553 1429 1560 1446 ·

120 1521 321 1596 ludibrium
344 1521 471 1594 offerre
494 1537 691 1619 coeperunt
750 1523 893 1620 Quibus
914 1524 994 1616 ille,
1026 1523 1126 1624 quod
1143 1527 1227 1624 joco
1244 1539 1437 1622 gesserant,

121 1661 242 1722 ratum
261 1641 397 1718 habere
409 1645 531 1742 jussis,
543 1643 651 1737 ferro,
669 1645 773 1744 quod
784 1645 922 1722 baculis
941 1646 1121 1722 inclusum
1136 1645 1333 1747 gestabant,
1351 1667 1432 1716 ere-

121 1783 199 1866 pto,
215 1789 336 1866 regem
352 1763 495 1840 invadit.
543 1768 671 1864 Itaque
687 1791 772 1864 pars
789 1767 939 1842 Olonem
958 1771 1096 1868 jurare,
1120 1773 1243 1872 jocum
1259 1791 1327 1864 pro
1345 1767 1436 1840 serio
1466 1835 1470 1841 .

121 1889 274 1978 ducere,
298 1911 367 1960 nec
391 1885 501 1962 fidem
516 1911 583 1987 per
600 1887 799 1964 ludibrium
826 1893 1017 1989 praestitam
1047 1891 1198 1982 violare,
1221 1887 1438 1988 complures,

121 2013 199 2084 uoti
215 2014 367 2084 vanitate
381 2011 529 2084 rescissa
536 2063 547 2103 ,
573 2035 595 2083 a
617 2009 796 2086 Theronis
818 2013 982 2112 partibus
997 2031 1100 2090 stare.
1169 2019 1280 2116 Igitur
1305 2035 1437 2108 anceps

118 2138 398 2230 intestinumque
417 2132 579 2232 praelium
593 2137 716 2210 oritur.
765 2136 945 2234 Denique,
961 2137 1131 2212 Therone
1146 2163 1221 2210 nort
1237 2140 1353 2208 minus
1369 2158 1438 2206 su-

120 2281 232 2330 ornm
256 2279 366 2354 quam
389 2253 540 2354 hospitis
566 2258 674 2328 armis
697 2279 893 2354 oppresso,
925 2259 1090 2332 Liotarus
1116 2257 1262 2332 letaliter
1285 2256 1437 2340 sauciae,

122 2382 292 2456 victorem
309 2375 462 2452 Olonem
477 2391 549 2448 tarn
561 2377 705 2476 ingenio
723 2375 883 2452 vividum
907 2403 1019 2476 quarn
1046 2405 1167 2454 acrem
1183 2379 1354 2478 operibns
1369 2379 1435 2474 ju-

121 2501 259 2594 dicans,
273 2501 396 2598 Vegeti
412 2515 651 2598 cognomento
666 2497 822 2593 donarit,
851 2499 1005 2574 eundem
1020 2501 1157 2574 troadis
1172 2499 1347 2598 exemplo,
1363 2521 1435 2596 qun
1482 2539 1485 2548 ,

121 2629 221 2698 circa
245 2621 449 2695 Theronem
474 2643 561 2696 usus
579 2619 706 2712 fuerat,
728 2625 929 2720 periturum
952 2629 1160 2718 vaticinans3
1195 2621 1437 2695 indubitanter

120 2747 264 2846 quippe
284 2743 485 2818 domesticis
501 2765 710 2818 occasurum
726 2742 871 2819 insidiis.
910 2747 965 2829 Et
979 2749 1061 2820 c'um
1076 2741 1171 2821 diclo
1185 2759 1330 2845 repente
1346 2767 1432 2814 exa-

120 2870 278 2942 nimatus
295 2883 360 2942 est.
418 2869 542 2962 Itaque
562 2892 731 2965 suprema
746 2870 922 2944 morientis
940 2895 1009 2946 vox
1026 2869 1185 2944 suturam
1203 2867 1340 2941 victoris
1357 2865 1436 2938 erri-

121 3007 202 3065 tum
219 2991 357 3090 augurii
377 2991 568 3089 sagacitate
589 2988 772 3086 complexa
792 2987 1024 3090 dignoscitur.
1078 2993 1140 3066 His
1160 2991 1269 3090 gestis
1281 2987 1349 3058 Olo
1365 3012 1438 3058 non

122 3114 227 3210 prius
245 3135 285 3184 se
301 3113 395 3209 patri
419 3112 587 3202 restituit,
622 3135 732 3209 quam
757 3137 885 3212 pacem
909 3118 989 3214 ejus
1010 3114 1202 3213 penatibus
1232 3113 1437 3210 reportavit.
1516 3159 1524 3176 .

121 3239 156 3305 A
179 3258 254 3332 quo
276 3249 423 3330 recepta
447 3234 562 3336 pelagi
579 3233 837 3329 dominatione,
875 3240 1099 3336 septuaginta
1121 3237 1312 3308 maritimos
1337 3257 1437 3331 reges

121 3356 348 3429 nauticarum
365 3358 492 3429 virium
511 3359 702 3429 certamine
723 3361 953 3456 consumpsit.
992 3361 1083 3430 lnter
1105 3383 1199 3455 quos
1223 3355 1387 3430 birrillus
1403 3373 1438 3428 rt

120 3475 360 3566 Huiruillus²,
383 3475 587 3552 Thorvillus
606 3503 772 3578 quoque,
798 3479 871 3552 nef
885 3496 921 3552 et
939 3479 1041 3572 Onel,
1069 3479 1314 3570 Reduarthus,
1335 3481 1437 3549 llan-

120 3599 194 3674 dus
209 3613 320 3698 atque
334 3599 500 3676 Erandus
515 3603 687 3701 praecipui
704 3601 953 3689 noscebantur.
1014 3603 1127 3702 Cujus
1144 3603 1196 3676 rei
1220 3602 1313 3674 lama
1329 3625 1370 3672 ac
1389 3605 1439 3670 ti-

119 3839 249 3927 jeotnris
262 3839 408 3918 nitantur,
424 3839 526 3924 potins
542 3839 699 3904 latendum
706 3861 751 3904 es·
936 3841 1006 3925 Nes
1022 3839 1057 3902 ol·
1078 3839 1171 3926 Ores,

121 3944 311 4026 machinor,
321 3945 382 4010 boe
393 3947 464 4012 loeo
474 3946 619 4012 excidisse
636 3968 752 4034 cogno-
936 3947 1102 4018 liedvartlr,
1122 3948 1226 4008 Randr

122 4071 196 4116 rnen
207 4051 334 4116 [dotari.
938 4053 985 4117 ot
1003 4051 1130 4114 Erandr.

696 4201 755 4264 vid·
815 4163 849 4223 in
870 4157 996 4242 reliquis
1017 4174 1139 4242 quoque
1159 4153 1331 4220 nominibus
1351 4155 1440 4237 hujus

814 4263 951 4328 historias
983 4261 1101 4324 litteras
1137 4273 1311 4324 assonantes
1347 4283 1441 4346 agno·

812 4389 898 4434 scere
912 4369 994 4446 licet,
1009 4389 1036 4435 r.
1053 4385 1079 4430 e.
1097 4367 1208 4432 Gunno
1219 4363 1339 4452 Grimr,
1358 4371 1442 4433 Sonti

171 4456 337 4516 ’Bantius
355 4469 385 4518 et
401 4447 584 4533 liutwitus]
603 4455 680 4516 Her
699 4473 753 4515 ⁰0·
813 4473 906 4538 rnnr.
946 4475 994 4536 nx
1013 4471 1127 4556 regum
1146 4472 1314 4554 manases,
1327 4477 1379 4560 qn
1392 4475 1442 4538 m

122 4557 207 4622 mina
237 4557 348 4622 litteris
378 4557 587 4622 monentibus
612 4555 755 4622 emesan
814 4580 1103 4656 romanense,
1116 4559 1443 4660 ornnrnnnnne·

171 4201 348 4284 'Egentr'um
357 4195 465 4284 regem]
474 4201 522 4264 De
531 4198 591 4263 boc
607 4219 679 4286 rego

123 4317 191 4369 not.
212 4305 295 4370 uber.

126 4663 291 4728 Vff⁸i⁰¹¹l⁰⁸
307 4663 380 4728 Μ’
816 4685 848 4762 fi,
863 4691 1030 4750 occurrunt
1044 4683 1077 4744 in
1099 4703 1134 4744 ea
1150 4680 1259 4748 borum
1273 4705 1378 4770 regum
1394 4707 1441 4762 re·

249 4799 368 4870 Br'rvr'll,
389 4799 521 4862 Her'ror'll
817 4791 969 4868 censione,
982 4811 1072 4878 quam
1089 4783 1175 4854 Edda
1194 4795 1357 4858 Snorronls
1372 4815 1443 4857 oon-

249 4903 283 4962 ok
300 4903 457 4972 Tdorvr'llr,
819 4901 896 4962 tinet
913 4899 957 4984 (p.
974 4897 1050 4978 209)
