3442 5456
359 312 438 388 964
712 311 887 382 tttsrott
901 311 1007 382 DAN.
1021 307 1158 380 LIBER
1176 307 1232 380 Vl.

294 511 427 624 'fugin
449 524 692 618 victoremque
708 517 829 594 denuo
848 535 1012 619 reparata
1036 543 1146 594 manu
1162 537 1363 618 aggressus,
1392 515 1528 600 haustis
1542 516 1615 589 ier·

317 671 359 718 ro
375 645 492 733 sociis,
520 642 644 742 fugam
659 642 799 742 absque
814 646 943 718 comite
957 641 1102 732 babuit,
1127 663 1240 740 quam
1255 636 1382 730 insula,
1407 637 1616 714 vocabulum

317 793 360 840 cx
376 768 454 865 ejus
471 769 736 863 nuncupatione
751 769 909 855 sortita¹,
933 780 1089 840 testatur.
1139 766 1251 863 igitur
1266 761 1495 836 humiliorem
1509 763 1619 836 animo

317 889 495 962 fortunam
510 901 694 984 expertus,
718 911 803 962 cum
819 911 859 962 se
875 891 1017 986 gemina
1042 903 1160 986 strage
1178 883 1344 958 omnibns
1361 882 1618 984 propemodum

317 1012 430 1108 copiis
448 990 599 1082 'exutum
625 1005 778 1103 videret,
802 1010 952 1107 uajeeto
976 1011 1013 1082 in
1033 1007 1163 1082 dolum
1186 1004 1305 1080 studio
1313 1017 1331 1100 ‚¹
1346 1006 1540 1082 obscurato
1554 1009 1619 1080 oris

317 1130 442 1206 habitu
463 1128 670 1204 Fridlerum
692 1129 847 1222 accedit,
867 1133 987 1230 ipsum
1012 1131 1171 1229 quaesitis
1193 1155 1259 1228 per
1282 1129 1619 1204 familiaritatemin-

318 1251 415 1328 sidiis
428 1269 627 1328 necaturus.
654 1237 775 1352 ¹siquo
791 1268 991 1350 susceptus,
1012 1251 1236 1354 aliquamdiu
1253 1253 1382 1326 servitii
1403 1249 1619 1327 simulatione

317 1378 544 1474 propositum
570 1373 782 1450 occultabat
867 1377 1048 1475 Siquidem
1072 1362 1297 1473 decoquendi
1326 1371 1409 1448 salis
1434 1373 1616 1472 opificem²

317 1496 511 1597 professus,
527 1501 617 1569 inter
634 1493 843 1570 sordidioris
857 1499 1039 1574 ministerii
1060 1498 1216 1572 famulos
1231 1495 1400 1594 ignobilia
1416 1494 1619 1595 exequeba-

252 1625 257 1638 '
318 1635 374 1694 tur
389 1615 513 1691 officia.
563 1617 644 1691 Cibi
655 1645 806 1718 quoque
822 1620 984 1720 capiendi
1004 1637 1167 1720 ternpore
1182 1616 1364 1693 discubitu
1385 1617 1533 1692 ultianus
1547 1619 1619 1692 cxi-²

317 1755 409 1814 stem
431 1739 578 1814 solebat
653 1745 824 1816 Praeterea
854 1742 990 1818 balneis
1005 1741 1226 1833 abstinebat,
1246 1765 1292 1814 ne
1314 1738 1452 1816 nudato
1475 1765 1621 1840 corpore

318 1862 453 1936 crebris
474 1860 660 1936 vulnerum
684 1867 837 1963 vestigiis
860 1865 1082 1965 proderetur.
1134 1869 1216 1958 Quo
1238 1889 1299 1938 rex
1313 1861 1545 1938 absolvendae
1559 1887 1619 1938 su·-

318 1985 481 2083 spicionis
494 1986 605 2083 gratia
623 1983 733 2058 lavari
747 1986 944 2087 compulso,
964 2006 1004 2063 ut
1021 1987 1161 2062 hostem
1179 2013 1222 2061 ex
1241 1987 1465 2062 cicatricibus
1485 2011 1619 2086 cogno-

318 2111 378 2199 vit,
392 2110 480 2205 Age,
494 2107 621 2204 inquit,
634 2107 897 2206 improbissime
913 2110 1024 2205 latr03
1048 2108 1201 2208 qualiter
1208 2113 1243 2180 in
1260 2133 1317 2182 me
1327 2107 1557 2184 consulturus
1565 2107 1620 2180 fo-

319 2253 393 2320 res,
420 2234 448 2302 si
480 2227 708 2304 interficiendi
737 2233 788 2305 tui
819 2231 993 2330 cupidum
1020 2231 1158 2332 liquido
1184 2232 1442 2332 comperisses?
1474 2227 1532 2303 Ad
1549 2227 1619 2302 huc

317 2351 533 2450 stupetactus
548 2353 693 2443 Hiarno,
712 2355 766 2425 Ex
786 2361 1041 2452 provocatione
1054 2371 1097 2446 te,
1126 2361 1183 2448 ait,
1208 2352 1476 2455 deprehensum
1492 2375 1619 2452 aggre-

318 2472 434 2564 derer,
447 2498 523 2573 quo
541 2476 679 2573 majore
696 2473 880 2548 demendae
899 2479 1150 2551 criminationis
1166 2479 1451 2578 copinpotireris.
1511 2477 1619 2568 Quem

364 2769 481 2831 'Insula
494 2769 660 2829 vocobulum
670 2791 707 2829 ex
719 2769 782 2850 ejus
794 2793 944 2857 nuncupo·
1001 2767 1105 2832 tabula
1138 2769 1257 2854 adjecta
1283 2765 1430 2831 indicavit
1455 2765 1619 2833 Wormins.

318 2877 397 2935 tione·
412 2871 533 2954 sortita]
549 2877 618 2936 Jam
633 2873 766 2937 Thomas
782 2873 945 2957 Gheysma·
999 2876 1142 2938 Forsitan
1171 2877 1251 2940 Saxo
1283 2873 1384 2937 verbis
1407 2869 1523 2936 liaustu
1537 2873 1619 2959 ferro

317 2999 368 3042 ans
382 2979 473 3040 situm
487 2977 576 3063 hujus
589 2979 697 3046 insulae
711 2978 877 3043 accuratius
890 2979 943 3042 da·
999 2986 1087 3044 sociis
1107 2982 1240 3066 respexit
1263 2979 1302 3045 sd
1333 2977 1446 3041 samam
1472 2979 1617 3062 uulgarem

317 3083 642 3161 fluitit‚bascscribens
658 3084 851 3170 (Scriptum.
865 3089 944 3149 Dan.
971 3129 976 3151 .
1002 3085 1040 3150 dc
1061 3088 1195 3151 exa-citu
1217 3083 1382 3150 Hiarnonis
1401 3085 1437 3164 in
1454 3084 1512 3148 bac
1529 3085 1618 3148 insuia

318 3191 379 3254 rol.
393 3187 554 3273 ttpttttz
564 3195 615 3252 oab
627 3194 706 3254 solus
717 3195 838 3278 aufugit
848 3197 942 3257 Heur·
1001 3195 1167 3272 tumulat03
1188 3214 1258 3256 nam
1270 3192 1421 3256 tumulum
1432 3190 1527 3274 ipsius
1536 3191 1618 3252 Hiar·

317 3319 355 3356 no
370 3299 399 3356 in
408 3298 500 3357 Iocum
511 3298 603 3379 justo
618 3301 780 3371 Horsnees,
793 3304 944 3384 qut'Hiar·
1001 3299 1089 3362 nonis
1106 3299 1138 3360 in
1154 3298 1213 3362 alio
1227 3299 1296 3362 loco
1309 3298 1463 3359 collocare
1477 3295 1603 3358 ridetur.

317 3409 357 3461 nd
386 3401 495 3462 dicitur
515 3400 608 3478 (cnsr.
628 3405 715 3466 Petri
738 3405 807 3470 Otai
829 3405 943 3470 Chron.
1044 3407 1255 3490 *Decoquendi
1271 3407 1342 3468 salis
1362 3398 1506 3490 opificem]
1521 3401 1618 3464 simite

317 3504 348 3566 in
362 3505 473 3590 Script.
486 3525 546 3568 rar.
561 3511 637 3570 Dan.
658 3511 739 3573 subl
753 3535 783 3596 p.
799 3508 863 3592 91).
879 3510 943 3576 At·
962 3491 967 3512 ⁸
999 3510 1170 3594 exemplum
1188 3508 1307 3596 praebet
1329 3507 1458 3570 historia
1482 3505 1617 3570 Frithiofi

316 3610 593 3675 bnoduminsulain
603 3612 941 3692 sinuHotbersnasiansi
996 3635 1063 3698 cap.
1080 3611 1407 3698 11(r0matdarssgu1·
1424 3611 1514 3677 rob?
1526 3635 1557 3697 p.
1572 3611 1618 3686 90,

316 3715 530 3782 diciturinsula
538 3719 702 3782 Hiarnonis
710 3721 854 3803 (Hiarnti)
863 3735 894 3785 et
902 3723 941 3784 si·
997 3719 1070 3800 92),
1090 3717 1142 3804 qui
1162 3739 1231 3782 cnm
1244 3719 1360 3803 regiam
1376 3719 1490 3804 Hringi
1503 3719 1618 3804 ignotus

315 3843 372 3886 nns
388 3822 473 3906 juxta
484 3821 563 3886 bunc
578 3824 707 3888 insulam
721 3823 832 3890 iratum
849 3826 940 3890 Hiar·
996 3827 1110 3890 intrare
1127 3827 1228 3904 veliet,
1247 3845 1280 3888 se
1295 3825 1389 3910 pallio
1403 3823 1523 3888 hirsuto
1539 3824 1619 3888 indu·

315 3927 632 4006 nonisffliarndaund,
646 3931 767 3994 Danskc
781 3932 867 3995 Atlas
882 3934 942 3996 vol.
1000 3943 1067 3994 tum
1086 3931 1156 3996 salis
1171 3943 1327 3994 coctorum
1345 3928 1522 3994 venditarit
1570 3933 1595 3996 V
1597 3930 1618 3990 i·

314 4024 337 4098 4
342 4057 374 4119 p.
390 4028 472 4113 161.)
487 4038 575 4096 Hanc
585 4035 712 4098 insulam
726 4036 767 4100 ita
781 4035 941 4122 descripsit
999 4036 1110 4099 dentur
1124 4038 1226 4122 itaque
1239 4037 1321 4101 haud
1343 4038 1432 4122 pauci
1453 4037 1485 4096 in
1505 4049 1618 4120 septen-

315 4140 410 4206 Olaus
424 4142 586 4208 Wormins
609 4139 640 4203 in
665 4140 877 4206 additamentis
900 4144 939 4206 ad
998 4141 1099 4207 trione
1120 4144 1194 4207 otim
1208 4145 1240 4206 io
1262 4144 1324 4206 sala
1350 4163 1386 4206 ex
1415 4165 1493 4230 aqua
1510 4142 1615 4206 marina

315 4249 510 4309 Monumenta
529 4247 644 4310 Dauica
668 4271 699 4332 p.
711 4241 745 4312 d:
758 4281 760 4286 v
775 4251 838 4334 Qui
849 4254 940 4334 sintq-
1000 4247 1198 4334 decoquendo
1220 4248 1311 4312 fuisse
1331 4249 1484 4332 occupati.
1533 4245 1615 4310 initio

315 4375 376 4416 nem
392 4355 567 4416 tumulorum
589 4359 702 4442 copiam
723 4373 752 4417 ct
769 4360 940 4418 oorr'etatcm
995 4355 1100 4418 saculi
1123 4353 1273 4420 undecimi
1300 4353 1420 4438 navigia
1442 4351 1614 4422 'mercatoria

316 4481 371 4518 utto
405 4461 435 4518 t‘n
460 4461 523 4520 Ioco
550 4464 648 4524 videre
670 4467 776 4547 gestat,
814 4465 938 4524 insulam
996 4459 1150 4524 interdum
1177 4461 1238 4524 taio
1267 4471 1354 4522 want
1386 4471 1497 4522 onusta
1529 4457 1615 4536 (Hisi.

315 4563 434 4626 Hebrus·
456 4566 563 4628 dieram
581 4571 683 4641 adeat,
718 4585 760 4642 et,
785 4586 834 4632 sat
864 4573 938 4641 scio,
996 4584 1060 4648 reg.
1071 4569 1165 4628 Norr.
1176 4569 1236 4629 vol.
1244 4569 1271 4630 11
1281 4589 1312 4651 p.
1326 4562 1412 4648 tat),
1427 4562 1614 4649 fueruntque,

314 4671 476 4732 usimda'tur.
521 4677 557 4734 In
576 4655 707 4736 australi
719 4676 783 4756 ejus
795 4691 885 4760 parte
908 4678 938 4736 in
997 4671 1121 4758 quibos
1137 4671 1244 4734 mercis
1259 4691 1521 4756 gencramsgnum
1538 4689 1613 4756 qne·

294 4791 299 4800 ’
309 4775 435 4858 planitie
451 4799 545 4862 prope
568 4779 652 4840 littus
672 4765 752 4840 ultro
767 4783 877 4859 utpinti
895 4785 939 4840 ia·
995 4790 1076 4840 stum
1092 4777 1516 4860 iacmontfformannasdgnr
1530 4765 1614 4836 robii

312 4901 416 4939 verrem.
466 4879 613 4942 Ordinem
627 4901 730 4942 eorum
751 4895 782 4944 et
799 4883 934 4950 situmin
996 4905 1026 4966 p·
1043 4880 1085 4962 7.)
