3446 5458
648 355 836 429 ettotflo
856 359 912 426 lll.
1307 361 1378 430 203

126 562 221 638 adeo
235 566 377 664 penitus
394 565 439 639 ad
457 565 664 640 modestiam
681 572 863 654 evocavit,
897 571 985 667 quin
1007 563 1272 638 altercationum
1292 565 1432 656 athleta,

127 711 262 786 parum
277 712 454 787 prospera
476 687 731 792 disceptatione
753 689 935 783 confusus,
958 703 1082 790 negata
1109 711 1290 763 annorum
1312 689 1433 763 vindi-

129 825 196 900 cta,
211 809 334 883 saltem
353 809 492 885 ultionis
507 809 587 886 loco
601 811 769 887 veneficia
784 813 852 887 sibi
867 828 988 911 putere
1005 809 1222 910 deposceret.

263 935 345 1027 Quo
358 935 563 1032 impetrato,
588 959 672 1010 eum
694 935 866 1034 exquisita
889 957 1078 1033 magorum
1106 932 1230 1006 turba¹
1261 931 1355 1006 littus
1369 957 1435 1004 re-

129 1069 252 1152 petere
268 1073 380 1154 parat.
435 1057 593 1132 Primum
612 1060 735 1157 itaque
758 1055 929 1130 immolati
951 1053 1017 1128 diis
1039 1059 1124 1154 equi
1146 1055 1344 1130 abscissum
1369 1079 1435 1127 ca-

131 1181 221 1275 put²
238 1194 344 1253 conto
361 1179 551 1279 excipiens,
584 1179 749 1279 subjectis
771 1179 946 1278 stipitibus
970 1177 1138 1252 distentos
1155 1176 1315 1251 faucium
1330 1178 1436 1250 rictus

132 1306 289 1398 aperuit,
314 1325 471 1400 sperans,
486 1325 526 1376 se
539 1303 676 1402 primos
692 1302 786 1374 En'ei
815 1317 962 1377 conatus
987 1301 1114 1374 atrocis
1138 1298 1329 1398 spectaculi
1354 1298 1437 1372 lor-

131 1422 265 1497 midine
278 1423 537 1500 frustraturum.
562 1416 1062 1524 Arbitrabamrenbn,ineptas
1077 1423 1316 1498 barbarorum
1330 1447 1437 1495 men-

132 1560 186 1619 tes
201 1545 331 1621 oblatae
347 1550 491 1622 cervicis
504 1547 785 1622 terriculamenta
806 1571 976 1622 cessuras.
1035 1551 1080 1621 Et
1102 1549 1175 1646 jam
1190 1547 1312 1620 Erieus
1327 1543 1437 1622 obvi-

135 1693 201 1740 um
223 1667 289 1742 illis
311 1674 375 1743 iter
396 1670 534 1772 agebat
585 1673 665 1766 Qui,
679 1687 874 1770 prospecto
890 1671 1027 1746 eminus
1056 1673 1178 1772 capite,
1200 1669 1438 1744 obscoenitatis

133 1807 349 1890 apparatum
369 1792 581 1894 intelligens,
613 1792 716 1868 silere
730 1794 846 1869 socios
877 1793 1088 1892 cautiusque
1111 1817 1151 1868 se
1175 1817 1299 1894 gerere
1326 1791 1439 1890 jubet,

135 1937 205 1986 nee
218 1939 436 2014 quemquam
450 1931 581 1990 temere
597 1918 814 2015 praecipitare
828 1941 1036 2006 sermonem,
1061 1939 1107 1988 ne
1127 1917 1265 1989 incauto
1280 1911 1439 1986 effamine

135 2033 253 2110 ullum
270 2037 447 2112 maleficiis
459 2040 670 2114 instruerent
684 2039 813 2133 locum,
835 2037 1014 2138 adjiciens,
1038 2039 1069 2112 si
1089 2061 1255 2112 sermone
1269 2061 1364 2135 opus
1379 2036 1440 2106 in-

137 2157 281 2254 cideret,
305 2159 417 2236 verba
438 2184 478 2236 se
495 2187 564 2260 pro
580 2163 749 2238 omnibus
768 2162 1010 2236 habiturum.
1065 2160 1218 2255 Jamque
1241 2157 1377 2232 medius
1391 2155 1440 2230 il-

139 2279 197 2354 los
211 2288 325 2358 amnis
344 2299 557 2379 semoveret,
583 2313 699 2386 quum
718 2286 822 2386 magi,
844 2299 883 2357 ut
899 2285 1044 2358 Ericum
1059 2285 1174 2380 pontis
1191 2279 1289 2356 aditu
1311 2280 1440 2355 detur-

136 2403 276 2496 barent,
301 2423 458 2501 contum,
484 2432 558 2505 quo
572 2413 654 2507 equi
672 2424 782 2508 caput
796 2407 992 2496 refluerent,
1009 2403 1119 2478 fluvio
1145 2403 1300 2477 citimum
1316 2403 1442 2478 locant.
1561 2416 1564 2426 '

137 2523 203 2598 llle
224 2525 451 2604 nihilominus
470 2529 645 2629 intrepide
667 2544 814 2628 pontem
845 2551 1050 2629 aggressus,
1074 2527 1115 2598 In
1137 2523 1295 2620 latorem,
1321 2527 1443 2624 inquit,

137 2651 341 2749 gestaminis
360 2653 415 2726 sui
437 2651 578 2726 fortuna
599 2651 749 2745 recidat,
782 2678 847 2727 nos
865 2652 991 2726 melior
1016 2663 1254 2748 consequatur
1279 2645 1442 2724 eventus!

138 2770 235 2844 Male
249 2772 416 2848 maleficis
440 2774 559 2870 cedat,
596 2776 756 2850 infaustae
772 2774 874 2850 molis
888 2773 1052 2873 gerulum
1071 2795 1162 2846 onus
1176 2769 1317 2862 obruat,
1340 2768 1444 2841 nobis

139 2895 281 2994 potiora
294 2894 449 2971 tribuant
472 2905 591 2973 omina
618 2894 834 2996 sospitatem!
890 2901 961 2970 Nec
985 2919 1097 2986 secuS,
1119 2919 1228 2993 quam
1245 2893 1444 2992 optabatur,

140 3019 265 3094 evenit
324 3023 501 3094 Continuo
515 3047 673 3144 pamque
696 3045 842 3094 excussa
865 3022 1002 3095 cervice
1021 3017 1320 3093 ruens‘ferentem
1336 3015 1444 3114 stipes

138 3146 327 3244 oppressit.
383 3145 433 3215 lta
449 3144 563 3217 omnis
579 3141 637 3217 ille
648 3141 906 3217 maleficiorum
922 3161 1069 3244 paratus
1085 3142 1132 3218 ad
1147 3143 1252 3218 unius
1270 3138 1445 3214 execrati·
1526 3127 1537 3148 ⁸

140 3268 221 3341 onis
236 3269 424 3366 imperium
438 3291 504 3365 spe
519 3289 584 3340 sua
603 3289 739 3340 vacuus
759 3267 938 3364 expiravit

272 3389 409 3464 Deinde
428 3386 680 3488 procedentem
709 3387 890 3488 paulisper
921 3393 1066 3463 Ericum
1090 3387 1204 3479 subit,
1244 3381 1447 3459 destinanda

140 3514 219 3614 regi
241 3537 320 3588 esse
334 3512 382 3585 ab
407 3511 552 3586 advenis
568 3509 674 3584 dona.
712 3512 821 3611 Igitur
835 3527 1014 3609 repertum
1028 3511 1117 3586 sorte
1132 3509 1280 3610 glaciale
1296 3505 1446 3580 frustum

141 3653 241 3712 veste
263 3635 446 3735 diligenter
462 3630 675 3725 obvolvens,
699 3635 854 3708 muneris
876 3633 957 3708 loeo
979 3637 1054 3734 regi
1079 3631 1313 3706 deferendum
1337 3653 1446 3704 cura-

141 3765 204 3834 vit.
257 3763 301 3830 At
315 3759 379 3832 ubi
393 3756 440 3830 ad
455 3759 587 3858 regiam
603 3771 811 3854 perventum
829 3773 893 3849 est,
910 3757 1010 3854 prior
1025 3758 1200 3830 introitum
1216 3773 1351 3855 petens,
1368 3752 1448 3825 fra·-

142 3901 233 3956 trem
248 3905 343 3980 pone
357 3883 526 3979 consequi
541 3879 653 3978 jubet
715 3883 760 3950 Et
773 3881 847 3978 jam
864 3905 979 3952 vernae
995 3881 1105 3980 regis,
1145 3895 1185 3952 ut
1206 3875 1360 3950 ludibn'o
1379 3899 1447 3946 ve-

142 3981 296 4080 nientem
319 4004 525 4100 exciperent,
557 4001 728 4076 lubricam
762 4002 870 4075 limini
894 4003 1119 4077 substravere
1141 4001 1290 4102 pellom;
1340 4021 1449 4098 quatu

142 4125 356 4227 ingrediente
372 4125 476 4198 Erico
493 4123 596 4198 celen'
616 4127 708 4202 funis
730 4142 840 4200 tractu
861 4127 1088 4224 corripientes
1111 4124 1255 4224 lapsum
1285 4119 1449 4193 insistenti

144 4251 317 4342 fecissent,
343 4249 379 4322 ai
393 4247 557 4323 Rollerus
572 4273 666 4348 pone
683 4247 827 4324 subiens
852 4265 994 4346 pectore
1006 4245 1258 4322 nutabundum
1276 4243 1451 4342 exciperet

194 4517 204 4551 ¹
223 4513 295 4576 Cum
320 4517 465 4597 eaqur'sr'ta
488 4534 638 4598 rnagomm
668 4509 767 4594 turba]
781 4541 788 4574 t
871 4513 991 4573 ³Vetlra
1006 4533 1037 4571 se
1049 4507 1279 4591 hudr'turum]lla
1291 4519 1373 4570 reete
1384 4509 1451 4570 Sie-

144 4621 196 4682 De
208 4617 350 4682 societate
378 4637 536 4703 magorum
557 4617 638 4680 inter
652 4617 769 4702 priseos
828 4617 957 4703 phanias
976 4614 1094 4676 ratione
1117 4613 1227 4698 lingere
1249 4611 1360 4676 habita.
1418 4615 1449 4674 ln

143 4723 284 4788 boreales
298 4723 379 4787 haud
395 4721 529 4786 inaudita
548 4723 609 4786 vid.
624 4735 689 4788 not.
701 4721 751 4784 ub.
829 4723 886 4786 Ed.
904 4741 949 4808 pr.
969 4731 1066 4784 metat
1089 4723 1209 4784 cerdera.

195 4831 293 4915 'Eque'
305 4833 461 4894 abscissam
475 4829 577 4918 captat]
591 4835 638 4893 lle
655 4830 713 4892 hoc
726 4829 771 4890 itt-

144 4935 327 5000 csntationis
340 4955 451 5019 genere
469 4934 528 4999 rid.
546 4949 609 5000 not.
626 4935 708 4998 uber.
