<?xml version="1.0" encoding="UTF-8"?>
<!DOCTYPE html PUBLIC "-//W3C//DTD XHTML 1.0 Transitional//EN"
    "http://www.w3.org/TR/xhtml1/DTD/xhtml1-transitional.dtd">
<html xmlns="http://www.w3.org/1999/xhtml" xml:lang="en" lang="en">
 <head>
  <title>
</title>
<meta http-equiv="Content-Type" content="text/html;charset=utf-8" />
  <meta name='ocr-system' content='tesseract 3.04.00' />
  <meta name='ocr-capabilities' content='ocr_page ocr_carea ocr_par ocr_line ocrx_word'/>
</head>
<body>
  <div class='ocr_page' id='page_1' title='image "./historiadanica00velsgoog_0526.png"; bbox 0 0 3506 5458; ppageno 0'>
   <div class='ocr_carea' id='block_1_1' title="bbox 698 321 1379 401">
    <p class='ocr_par' dir='ltr' id='par_1_1' title="bbox 698 321 1379 401">
     <span class='ocr_line' id='line_1_1' title="bbox 698 321 1379 401; baseline 0 -5"><span class='ocrx_word' id='word_1_1' title='bbox 698 325 857 401; x_wconf 72' lang='lat' dir='ltr'><strong>SVENO.</strong></span> <span class='ocrx_word' id='word_1_2' title='bbox 1307 321 1379 396; x_wconf 74' lang='grc'><strong>505</strong></span> 
     </span>
    </p>
   </div>
   <div class='ocr_carea' id='block_1_2' title="bbox 122 531 1436 2842">
    <p class='ocr_par' dir='ltr' id='par_1_2' title="bbox 122 531 1436 2842">
     <span class='ocr_line' id='line_1_2' title="bbox 126 531 1432 634; baseline -0.001 -22"><span class='ocrx_word' id='word_1_3' title='bbox 126 534 295 612; x_wconf 75' lang='lat' dir='ltr'><strong>albonem</strong></span> <span class='ocrx_word' id='word_1_4' title='bbox 312 538 442 634; x_wconf 84' lang='lat' dir='ltr'><strong>exequi</strong></span> <span class='ocrx_word' id='word_1_5' title='bbox 454 549 566 634; x_wconf 64' lang='lat' dir='ltr'><strong>meat.</strong></span> <span class='ocrx_word' id='word_1_6' title='bbox 615 536 746 612; x_wconf 86' lang='lat' dir='ltr'><strong>Contra</strong></span> <span class='ocrx_word' id='word_1_7' title='bbox 759 537 889 625; x_wconf 85' lang='lat' dir='ltr'><strong>Sreno,</strong></span> <span class='ocrx_word' id='word_1_8' title='bbox 904 531 1035 610; x_wconf 81' lang='lat' dir='ltr'><strong>adscita</strong></span> <span class='ocrx_word' id='word_1_9' title='bbox 1046 535 1197 634; x_wconf 84' lang='lat' dir='ltr'><strong>privigni</strong></span> <span class='ocrx_word' id='word_1_10' title='bbox 1212 557 1332 628; x_wconf 86' lang='lat' dir='ltr'><strong>maun,</strong></span> <span class='ocrx_word' id='word_1_11' title='bbox 1347 557 1432 610; x_wconf 83' lang='lat' dir='ltr'><strong>ma-</strong></span> 
     </span>
     <span class='ocr_line' id='line_1_3' title="bbox 123 653 1432 757; baseline -0.003 -23"><span class='ocrx_word' id='word_1_12' title='bbox 123 659 242 734; x_wconf 86' lang='lat' dir='ltr'><strong>ritimo</strong></span> <span class='ocrx_word' id='word_1_13' title='bbox 255 657 396 734; x_wconf 64' lang='lat' dir='ltr'><strong>marm</strong></span> <span class='ocrx_word' id='word_1_14' title='bbox 411 661 602 734; x_wconf 86' lang='lat' dir='ltr'><strong>certamine</strong></span> <span class='ocrx_word' id='word_1_15' title='bbox 617 659 755 757; x_wconf 86' lang='lat' dir='ltr'><strong>excipit.</strong></span> <span class='ocrx_word' id='word_1_16' title='bbox 778 660 819 730; x_wconf 89' lang='lat' dir='ltr'><strong>ln</strong></span> <span class='ocrx_word' id='word_1_17' title='bbox 834 679 910 755; x_wconf 87' lang='lat' dir='ltr'><strong>qno</strong></span> <span class='ocrx_word' id='word_1_18' title='bbox 925 653 1027 744; x_wconf 77' lang='lat' dir='ltr'><strong>Olsri</strong></span> <span class='ocrx_word' id='word_1_19' title='bbox 1043 661 1246 754; x_wconf 79' lang='lat' dir='ltr'><strong>sagittarius</strong></span> <span class='ocrx_word' id='word_1_20' title='bbox 1257 659 1432 744; x_wconf 66' lang='lat' dir='ltr'><strong>Enarm‘,</strong></span> 
     </span>
     <span class='ocr_line' id='line_1_4' title="bbox 124 777 1432 882; baseline -0.003 -26"><span class='ocrx_word' id='word_1_21' title='bbox 124 802 258 882; x_wconf 62' lang='lat' dir='ltr'><strong>ragno</strong></span> <span class='ocrx_word' id='word_1_22' title='bbox 279 787 441 880; x_wconf 88' lang='lat' dir='ltr'><strong>corporis</strong></span> <span class='ocrx_word' id='word_1_23' title='bbox 465 786 620 882; x_wconf 72' lang='lat' dir='ltr'><strong>anusque</strong></span> <span class='ocrx_word' id='word_1_24' title='bbox 644 779 779 858; x_wconf 86' lang='lat' dir='ltr'><strong>robore</strong></span> <span class='ocrx_word' id='word_1_25' title='bbox 802 777 994 879; x_wconf 78' lang='lat' dir='ltr'><strong>praeditus,</strong></span> <span class='ocrx_word' id='word_1_26' title='bbox 1026 793 1125 852; x_wconf 85' lang='lat' dir='ltr'><strong>tanto</strong></span> <span class='ocrx_word' id='word_1_27' title='bbox 1147 783 1268 878; x_wconf 87' lang='lat' dir='ltr'><strong>rigore</strong></span> <span class='ocrx_word' id='word_1_28' title='bbox 1293 780 1432 854; x_wconf 83' lang='lat' dir='ltr'><strong>mirifici</strong></span> 
     </span>
     <span class='ocr_line' id='line_1_5' title="bbox 123 899 1432 999; baseline -0.006 -17"><span class='ocrx_word' id='word_1_29' title='bbox 123 926 233 982; x_wconf 77' lang='lat' dir='ltr'><strong>arcus</strong></span> <span class='ocrx_word' id='word_1_30' title='bbox 256 918 472 978; x_wconf 89' lang='lat' dir='ltr'><strong>tormentum</strong></span> <span class='ocrx_word' id='word_1_31' title='bbox 496 900 706 996; x_wconf 86' lang='lat' dir='ltr'><strong>intenderat,</strong></span> <span class='ocrx_word' id='word_1_32' title='bbox 731 917 771 976; x_wconf 90' lang='lat' dir='ltr'><strong>nt</strong></span> <span class='ocrx_word' id='word_1_33' title='bbox 798 923 987 974; x_wconf 85' lang='lat' dir='ltr'><strong>excussum</strong></span> <span class='ocrx_word' id='word_1_34' title='bbox 1013 899 1062 974; x_wconf 89' lang='lat' dir='ltr'><strong>ab</strong></span> <span class='ocrx_word' id='word_1_35' title='bbox 1087 923 1131 974; x_wconf 90' lang='lat' dir='ltr'><strong>eo</strong></span> <span class='ocrx_word' id='word_1_36' title='bbox 1153 899 1312 999; x_wconf 87' lang='lat' dir='ltr'><strong>jaculum</strong></span> <span class='ocrx_word' id='word_1_37' title='bbox 1335 899 1432 976; x_wconf 83' lang='lat' dir='ltr'><strong>nulla</strong></span> 
     </span>
     <span class='ocr_line' id='line_1_6' title="bbox 123 1023 1432 1124; baseline -0.003 -24"><span class='ocrx_word' id='word_1_38' title='bbox 123 1051 244 1100; x_wconf 90' lang='lat' dir='ltr'><strong>rerum</strong></span> <span class='ocrx_word' id='word_1_39' title='bbox 258 1023 387 1101; x_wconf 87' lang='lat' dir='ltr'><strong>duritia</strong></span> <span class='ocrx_word' id='word_1_40' title='bbox 413 1032 567 1114; x_wconf 80' lang='lat' dir='ltr'><strong>sisteret,</strong></span> <span class='ocrx_word' id='word_1_41' title='bbox 599 1049 676 1124; x_wconf 85' lang='lat' dir='ltr'><strong>quo</strong></span> <span class='ocrx_word' id='word_1_42' title='bbox 698 1026 813 1098; x_wconf 88' lang='lat' dir='ltr'><strong>miuus</strong></span> <span class='ocrx_word' id='word_1_43' title='bbox 831 1029 938 1098; x_wconf 88' lang='lat' dir='ltr'><strong>citato</strong></span> <span class='ocrx_word' id='word_1_44' title='bbox 959 1037 1060 1096; x_wconf 89' lang='lat' dir='ltr'><strong>motu</strong></span> <span class='ocrx_word' id='word_1_45' title='bbox 1081 1024 1287 1096; x_wconf 83' lang='lat' dir='ltr'><strong>universum</strong></span> <span class='ocrx_word' id='word_1_46' title='bbox 1313 1049 1432 1122; x_wconf 85' lang='lat' dir='ltr'><strong>pene-</strong></span> 
     </span>
     <span class='ocr_line' id='line_1_7' title="bbox 127 1143 1434 1246; baseline -0.003 -22"><span class='ocrx_word' id='word_1_47' title='bbox 127 1165 234 1224; x_wconf 69' lang='lat' dir='ltr'><strong>umet</strong></span> <span class='ocrx_word' id='word_1_48' title='bbox 249 1147 485 1224; x_wconf 72' lang='lat' dir='ltr'><strong>obstaculum.</strong></span> <span class='ocrx_word' id='word_1_49' title='bbox 564 1151 606 1222; x_wconf 93' lang='lat' dir='ltr'><strong>ln</strong></span> <span class='ocrx_word' id='word_1_50' title='bbox 622 1147 756 1222; x_wconf 90' lang='lat' dir='ltr'><strong>malum</strong></span> <span class='ocrx_word' id='word_1_51' title='bbox 780 1149 907 1246; x_wconf 84' lang='lat' dir='ltr'><strong>navigii</strong></span> <span class='ocrx_word' id='word_1_52' title='bbox 928 1144 1086 1219; x_wconf 89' lang='lat' dir='ltr'><strong>incidens</strong></span> <span class='ocrx_word' id='word_1_53' title='bbox 1108 1143 1245 1246; x_wconf 88' lang='lat' dir='ltr'><strong>lignum</strong></span> <span class='ocrx_word' id='word_1_54' title='bbox 1271 1145 1434 1220; x_wconf 87' lang='lat' dir='ltr'><strong>violentia</strong></span> 
     </span>
     <span class='ocr_line' id='line_1_8' title="bbox 122 1266 1433 1370; baseline -0.003 -24"><span class='ocrx_word' id='word_1_55' title='bbox 122 1293 191 1346; x_wconf 81' lang='lat' dir='ltr'><strong>suo</strong></span> <span class='ocrx_word' id='word_1_56' title='bbox 205 1274 372 1370; x_wconf 89' lang='lat' dir='ltr'><strong>pervium</strong></span> <span class='ocrx_word' id='word_1_57' title='bbox 392 1269 524 1346; x_wconf 87' lang='lat' dir='ltr'><strong>babuit.</strong></span> <span class='ocrx_word' id='word_1_58' title='bbox 564 1271 713 1360; x_wconf 89' lang='lat' dir='ltr'><strong>Eadem,</strong></span> <span class='ocrx_word' id='word_1_59' title='bbox 729 1271 908 1368; x_wconf 84' lang='lat' dir='ltr'><strong>interjecto</strong></span> <span class='ocrx_word' id='word_1_60' title='bbox 923 1272 1016 1367; x_wconf 84' lang='lat' dir='ltr'><strong>regis</strong></span> <span class='ocrx_word' id='word_1_61' title='bbox 1032 1266 1199 1366; x_wconf 80' lang='lat' dir='ltr'><strong>elype02,</strong></span> <span class='ocrx_word' id='word_1_62' title='bbox 1212 1268 1346 1344; x_wconf 74' lang='lat' dir='ltr'><strong>tabulae</strong></span> <span class='ocrx_word' id='word_1_63' title='bbox 1367 1295 1433 1344; x_wconf 89' lang='lat' dir='ltr'><strong>ra-</strong></span> 
     </span>
     <span class='ocr_line' id='line_1_9' title="bbox 124 1389 1435 1494; baseline 0.002 -28"><span class='ocrx_word' id='word_1_64' title='bbox 124 1396 168 1466; x_wconf 86' lang='lat' dir='ltr'><strong>tis</strong></span> <span class='ocrx_word' id='word_1_65' title='bbox 187 1392 355 1492; x_wconf 86' lang='lat' dir='ltr'><strong>illapsum</strong></span> <span class='ocrx_word' id='word_1_66' title='bbox 380 1399 438 1468; x_wconf 79' lang='lat' dir='ltr'><strong>rix</strong></span> <span class='ocrx_word' id='word_1_67' title='bbox 461 1397 553 1468; x_wconf 89' lang='lat' dir='ltr'><strong>inter</strong></span> <span class='ocrx_word' id='word_1_68' title='bbox 579 1393 696 1468; x_wconf 88' lang='lat' dir='ltr'><strong>undas</strong></span> <span class='ocrx_word' id='word_1_69' title='bbox 711 1395 864 1492; x_wconf 90' lang='lat' dir='ltr'><strong>impetus</strong></span> <span class='ocrx_word' id='word_1_70' title='bbox 889 1393 944 1464; x_wconf 85' lang='lat' dir='ltr'><strong>sui</strong></span> <span class='ocrx_word' id='word_1_71' title='bbox 976 1389 1083 1464; x_wconf 85' lang='lat' dir='ltr'><strong>finem</strong></span> <span class='ocrx_word' id='word_1_72' title='bbox 1106 1394 1247 1492; x_wconf 83' lang='lat' dir='ltr'><strong>reperit.</strong></span> <span class='ocrx_word' id='word_1_73' title='bbox 1300 1397 1435 1494; x_wconf 55' lang='lat' dir='ltr'><strong>rltaque</strong></span> 
     </span>
     <span class='ocr_line' id='line_1_10' title="bbox 122 1513 1434 1616; baseline 0 -26"><span class='ocrx_word' id='word_1_74' title='bbox 122 1517 270 1614; x_wconf 72' lang='lat' dir='ltr'><strong>gravium</strong></span> <span class='ocrx_word' id='word_1_75' title='bbox 293 1515 431 1592; x_wconf 85' lang='lat' dir='ltr'><strong>bostem</strong></span> <span class='ocrx_word' id='word_1_76' title='bbox 452 1513 552 1592; x_wconf 87' lang='lat' dir='ltr'><strong>solus</strong></span> <span class='ocrx_word' id='word_1_77' title='bbox 571 1543 683 1616; x_wconf 88' lang='lat' dir='ltr'><strong>quam</strong></span> <span class='ocrx_word' id='word_1_78' title='bbox 700 1532 774 1592; x_wconf 86' lang='lat' dir='ltr'><strong>tota</strong></span> <span class='ocrx_word' id='word_1_79' title='bbox 797 1519 978 1590; x_wconf 88' lang='lat' dir='ltr'><strong>sociorum</strong></span> <span class='ocrx_word' id='word_1_80' title='bbox 1004 1537 1131 1586; x_wconf 86' lang='lat' dir='ltr'><strong>manus</strong></span> <span class='ocrx_word' id='word_1_81' title='bbox 1153 1514 1294 1590; x_wconf 84' lang='lat' dir='ltr'><strong>allicere</strong></span> <span class='ocrx_word' id='word_1_82' title='bbox 1316 1516 1434 1594; x_wconf 84' lang='lat' dir='ltr'><strong>valuit</strong></span> 
     </span>
     <span class='ocr_line' id='line_1_11' title="bbox 123 1636 1431 1738; baseline 0.002 -26"><span class='ocrx_word' id='word_1_83' title='bbox 123 1639 304 1712; x_wconf 65' lang='lat' dir='ltr'><strong>ffloeum</strong></span> <span class='ocrx_word' id='word_1_84' title='bbox 316 1636 409 1712; x_wconf 86' lang='lat' dir='ltr'><strong>adeo</strong></span> <span class='ocrx_word' id='word_1_85' title='bbox 431 1656 532 1714; x_wconf 90' lang='lat' dir='ltr'><strong>certo</strong></span> <span class='ocrx_word' id='word_1_86' title='bbox 550 1642 620 1714; x_wconf 89' lang='lat' dir='ltr'><strong>ictu</strong></span> <span class='ocrx_word' id='word_1_87' title='bbox 638 1638 811 1714; x_wconf 86' lang='lat' dir='ltr'><strong>destinata</strong></span> <span class='ocrx_word' id='word_1_88' title='bbox 828 1637 992 1729; x_wconf 77' lang='lat' dir='ltr'><strong>feriebat,</strong></span> <span class='ocrx_word' id='word_1_89' title='bbox 1018 1653 1069 1728; x_wconf 87' lang='lat' dir='ltr'><strong>ut,</strong></span> <span class='ocrx_word' id='word_1_90' title='bbox 1085 1639 1258 1738; x_wconf 88' lang='lat' dir='ltr'><strong>quicquid</strong></span> <span class='ocrx_word' id='word_1_91' title='bbox 1275 1641 1431 1738; x_wconf 86' lang='lat' dir='ltr'><strong>impete-</strong></span> 
     </span>
     <span class='ocr_line' id='line_1_12' title="bbox 123 1758 1435 1855; baseline 0.003 -23"><span class='ocrx_word' id='word_1_92' title='bbox 123 1759 197 1850; x_wconf 75' lang='lat' dir='ltr'><strong>bat,</strong></span> <span class='ocrx_word' id='word_1_93' title='bbox 223 1758 430 1836; x_wconf 82' lang='lat' dir='ltr'><strong>offenderet.</strong></span> <span class='ocrx_word' id='word_1_94' title='bbox 481 1765 563 1854; x_wconf 91' lang='lat' dir='ltr'><strong>Quo</strong></span> <span class='ocrx_word' id='word_1_95' title='bbox 582 1763 708 1853; x_wconf 82' lang='lat' dir='ltr'><strong>evenit,</strong></span> <span class='ocrx_word' id='word_1_96' title='bbox 724 1776 761 1836; x_wconf 91' lang='lat' dir='ltr'><strong>ut</strong></span> <span class='ocrx_word' id='word_1_97' title='bbox 779 1763 909 1851; x_wconf 84' lang='lat' dir='ltr'><strong>Sreno,</strong></span> <span class='ocrx_word' id='word_1_98' title='bbox 925 1765 1087 1834; x_wconf 90' lang='lat' dir='ltr'><strong>tormenti</strong></span> <span class='ocrx_word' id='word_1_99' title='bbox 1107 1763 1435 1855; x_wconf 71' lang='lat' dir='ltr'><strong>monstrosorum,</strong></span> 
     </span>
     <span class='ocr_line' id='line_1_13' title="bbox 125 1880 1434 1984; baseline 0.004 -30"><span class='ocrx_word' id='word_1_100' title='bbox 125 1880 211 1979; x_wconf 87' lang='lat' dir='ltr'><strong>plus</strong></span> <span class='ocrx_word' id='word_1_101' title='bbox 227 1898 343 1958; x_wconf 85' lang='lat' dir='ltr'><strong>metus</strong></span> <span class='ocrx_word' id='word_1_102' title='bbox 359 1889 395 1958; x_wconf 91' lang='lat' dir='ltr'><strong>iu</strong></span> <span class='ocrx_word' id='word_1_103' title='bbox 418 1887 526 1958; x_wconf 88' lang='lat' dir='ltr'><strong>unico</strong></span> <span class='ocrx_word' id='word_1_104' title='bbox 548 1889 665 1984; x_wconf 75' lang='lat' dir='ltr'><strong>stipite</strong></span> <span class='ocrx_word' id='word_1_105' title='bbox 689 1909 800 1984; x_wconf 87' lang='lat' dir='ltr'><strong>quam</strong></span> <span class='ocrx_word' id='word_1_106' title='bbox 819 1901 892 1958; x_wconf 89' lang='lat' dir='ltr'><strong>tota</strong></span> <span class='ocrx_word' id='word_1_107' title='bbox 916 1881 1073 1957; x_wconf 86' lang='lat' dir='ltr'><strong>bostium</strong></span> <span class='ocrx_word' id='word_1_108' title='bbox 1102 1883 1214 1958; x_wconf 84' lang='lat' dir='ltr'><strong>classe</strong></span> <span class='ocrx_word' id='word_1_109' title='bbox 1233 1902 1434 1984; x_wconf 81' lang='lat' dir='ltr'><strong>reponeret.</strong></span> 
     </span>
     <span class='ocr_line' id='line_1_14' title="bbox 124 2004 1433 2107; baseline 0.005 -31"><span class='ocrx_word' id='word_1_110' title='bbox 124 2007 292 2103; x_wconf 86' lang='lat' dir='ltr'><strong>Cumque</strong></span> <span class='ocrx_word' id='word_1_111' title='bbox 302 2007 421 2082; x_wconf 87' lang='lat' dir='ltr'><strong>solum</strong></span> <span class='ocrx_word' id='word_1_112' title='bbox 438 2014 473 2080; x_wconf 88' lang='lat' dir='ltr'><strong>iu</strong></span> <span class='ocrx_word' id='word_1_113' title='bbox 491 2010 569 2107; x_wconf 85' lang='lat' dir='ltr'><strong>ejus</strong></span> <span class='ocrx_word' id='word_1_114' title='bbox 583 2009 814 2106; x_wconf 85' lang='lat' dir='ltr'><strong>corruptione</strong></span> <span class='ocrx_word' id='word_1_115' title='bbox 827 2005 1025 2080; x_wconf 84' lang='lat' dir='ltr'><strong>remedium</strong></span> <span class='ocrx_word' id='word_1_116' title='bbox 1039 2004 1346 2099; x_wconf 81' lang='lat' dir='ltr'><strong>animadverteret,</strong></span> <span class='ocrx_word' id='word_1_117' title='bbox 1360 2033 1433 2082; x_wconf 88' lang='lat' dir='ltr'><strong>nou</strong></span> 
     </span>
     <span class='ocr_line' id='line_1_15' title="bbox 122 2127 1433 2230; baseline 0.004 -30"><span class='ocrx_word' id='word_1_118' title='bbox 122 2143 194 2200; x_wconf 72' lang='lat' dir='ltr'><strong>mm</strong></span> <span class='ocrx_word' id='word_1_119' title='bbox 218 2128 435 2227; x_wconf 78' lang='lat' dir='ltr'><strong>sagittarium</strong></span> <span class='ocrx_word' id='word_1_120' title='bbox 469 2155 579 2230; x_wconf 89' lang='lat' dir='ltr'><strong>quam</strong></span> <span class='ocrx_word' id='word_1_121' title='bbox 596 2132 680 2204; x_wconf 89' lang='lat' dir='ltr'><strong>artis</strong></span> <span class='ocrx_word' id='word_1_122' title='bbox 706 2130 894 2228; x_wconf 76' lang='lat' dir='ltr'><strong>sagittario</strong></span> <span class='ocrx_word' id='word_1_123' title='bbox 911 2131 1182 2202; x_wconf 87' lang='lat' dir='ltr'><strong>instrumentum</strong></span> <span class='ocrx_word' id='word_1_124' title='bbox 1208 2127 1257 2200; x_wconf 89' lang='lat' dir='ltr'><strong>ub</strong></span> <span class='ocrx_word' id='word_1_125' title='bbox 1282 2130 1363 2227; x_wconf 85' lang='lat' dir='ltr'><strong>ejus·</strong></span> <span class='ocrx_word' id='word_1_126' title='bbox 1383 2135 1433 2205; x_wconf 89' lang='lat' dir='ltr'><strong>rel</strong></span> 
     </span>
     <span class='ocr_line' id='line_1_16' title="bbox 122 2248 1434 2357; baseline 0.006 -35"><span class='ocrx_word' id='word_1_127' title='bbox 122 2249 245 2346; x_wconf 88' lang='lat' dir='ltr'><strong>peritis</strong></span> <span class='ocrx_word' id='word_1_128' title='bbox 270 2254 391 2350; x_wconf 90' lang='lat' dir='ltr'><strong>impeti</strong></span> <span class='ocrx_word' id='word_1_129' title='bbox 409 2251 531 2351; x_wconf 87' lang='lat' dir='ltr'><strong>jubet,</strong></span> <span class='ocrx_word' id='word_1_130' title='bbox 566 2251 699 2326; x_wconf 82' lang='lat' dir='ltr'><strong>violata</strong></span> <span class='ocrx_word' id='word_1_131' title='bbox 722 2273 829 2324; x_wconf 90' lang='lat' dir='ltr'><strong>arcus</strong></span> <span class='ocrx_word' id='word_1_132' title='bbox 851 2248 992 2322; x_wconf 84' lang='lat' dir='ltr'><strong>fortuna</strong></span> <span class='ocrx_word' id='word_1_133' title='bbox 1016 2253 1125 2325; x_wconf 88' lang='lat' dir='ltr'><strong>tutius</strong></span> <span class='ocrx_word' id='word_1_134' title='bbox 1149 2250 1287 2328; x_wconf 88' lang='lat' dir='ltr'><strong>bellurn</strong></span> <span class='ocrx_word' id='word_1_135' title='bbox 1313 2279 1434 2357; x_wconf 83' lang='lat' dir='ltr'><strong>gerere</strong></span> 
     </span>
     <span class='ocr_line' id='line_1_17' title="bbox 123 2371 1432 2474; baseline 0.008 -30"><span class='ocrx_word' id='word_1_136' title='bbox 123 2377 284 2471; x_wconf 88' lang='lat' dir='ltr'><strong>cupiens.</strong></span> <span class='ocrx_word' id='word_1_137' title='bbox 340 2379 380 2446; x_wconf 92' lang='lat' dir='ltr'><strong>ln</strong></span> <span class='ocrx_word' id='word_1_138' title='bbox 408 2375 531 2474; x_wconf 81' lang='lat' dir='ltr'><strong>quod³</strong></span> <span class='ocrx_word' id='word_1_139' title='bbox 559 2373 703 2449; x_wconf 86' lang='lat' dir='ltr'><strong>delectis</strong></span> <span class='ocrx_word' id='word_1_140' title='bbox 716 2375 876 2446; x_wconf 86' lang='lat' dir='ltr'><strong>certatim</strong></span> <span class='ocrx_word' id='word_1_141' title='bbox 902 2371 970 2444; x_wconf 88' lang='lat' dir='ltr'><strong>tela</strong></span> <span class='ocrx_word' id='word_1_142' title='bbox 991 2375 1289 2470; x_wconf 80' lang='lat' dir='ltr'><strong>congerentibus,</strong></span> <span class='ocrx_word' id='word_1_143' title='bbox 1319 2407 1432 2455; x_wconf 87' lang='lat' dir='ltr'><strong>unum</strong></span> 
     </span>
     <span class='ocr_line' id='line_1_18' title="bbox 123 2492 1436 2600; baseline 0.008 -32"><span class='ocrx_word' id='word_1_144' title='bbox 123 2495 217 2570; x_wconf 86' lang='lat' dir='ltr'><strong>forte</strong></span> <span class='ocrx_word' id='word_1_145' title='bbox 231 2501 330 2570; x_wconf 89' lang='lat' dir='ltr'><strong>arcui</strong></span> <span class='ocrx_word' id='word_1_146' title='bbox 356 2501 553 2595; x_wconf 87' lang='lat' dir='ltr'><strong>impactum</strong></span> <span class='ocrx_word' id='word_1_147' title='bbox 574 2495 743 2571; x_wconf 88' lang='lat' dir='ltr'><strong>artificem</strong></span> <span class='ocrx_word' id='word_1_148' title='bbox 760 2497 922 2594; x_wconf 86' lang='lat' dir='ltr'><strong>ingenio,</strong></span> <span class='ocrx_word' id='word_1_149' title='bbox 938 2492 1077 2568; x_wconf 86' lang='lat' dir='ltr'><strong>bostem</strong></span> <span class='ocrx_word' id='word_1_150' title='bbox 1096 2497 1241 2571; x_wconf 88' lang='lat' dir='ltr'><strong>victoria</strong></span> <span class='ocrx_word' id='word_1_151' title='bbox 1258 2501 1436 2600; x_wconf 86' lang='lat' dir='ltr'><strong>spoliarit.</strong></span> 
     </span>
     <span class='ocr_line' id='line_1_19' title="bbox 124 2617 1434 2720; baseline 0.007 -30"><span class='ocrx_word' id='word_1_152' title='bbox 124 2621 292 2719; x_wconf 91' lang='lat' dir='ltr'><strong>Cumque</strong></span> <span class='ocrx_word' id='word_1_153' title='bbox 315 2619 385 2692; x_wconf 87' lang='lat' dir='ltr'><strong>late</strong></span> <span class='ocrx_word' id='word_1_154' title='bbox 407 2621 582 2718; x_wconf 88' lang='lat' dir='ltr'><strong>ruptionis</strong></span> <span class='ocrx_word' id='word_1_155' title='bbox 605 2623 684 2720; x_wconf 90' lang='lat' dir='ltr'><strong>ejus</strong></span> <span class='ocrx_word' id='word_1_156' title='bbox 710 2619 833 2720; x_wconf 87' lang='lat' dir='ltr'><strong>fragor</strong></span> <span class='ocrx_word' id='word_1_157' title='bbox 854 2617 1096 2718; x_wconf 81' lang='lat' dir='ltr'><strong>obstreperet,</strong></span> <span class='ocrx_word' id='word_1_158' title='bbox 1122 2637 1269 2719; x_wconf 87' lang='lat' dir='ltr'><strong>stupens</strong></span> <span class='ocrx_word' id='word_1_159' title='bbox 1288 2623 1434 2718; x_wconf 82' lang='lat' dir='ltr'><strong>olavus,</strong></span> 
     </span>
     <span class='ocr_line' id='line_1_20' title="bbox 122 2741 1433 2842; baseline 0.002 -27"><span class='ocrx_word' id='word_1_160' title='bbox 122 2741 294 2840; x_wconf 85' lang='lat' dir='ltr'><strong>quidnam</strong></span> <span class='ocrx_word' id='word_1_161' title='bbox 320 2757 412 2816; x_wconf 90' lang='lat' dir='ltr'><strong>esset</strong></span> <span class='ocrx_word' id='word_1_162' title='bbox 429 2747 701 2834; x_wconf 89' lang='lat' dir='ltr'><strong>comminutum,</strong></span> <span class='ocrx_word' id='word_1_163' title='bbox 727 2749 930 2842; x_wconf 82' lang='lat' dir='ltr'><strong>interrogat</strong></span> <span class='ocrx_word' id='word_1_164' title='bbox 990 2743 1056 2814; x_wconf 87' lang='lat' dir='ltr'><strong>Cui</strong></span> <span class='ocrx_word' id='word_1_165' title='bbox 1075 2747 1234 2838; x_wconf 86' lang='lat' dir='ltr'><strong>Enarus,</strong></span> <span class='ocrx_word' id='word_1_166' title='bbox 1267 2745 1433 2822; x_wconf 89' lang='lat' dir='ltr'><strong>Convul-</strong></span> 
     </span>
    </p>
   </div>
   <div class='ocr_carea' id='block_1_3' title="bbox 118 3055 1437 4957">
    <p class='ocr_par' dir='ltr' id='par_1_3' title="bbox 118 3055 1437 4957">
     <span class='ocr_line' id='line_1_21' title="bbox 123 3055 1434 3150; baseline 0.005 -28"><span class='ocrx_word' id='word_1_167' title='bbox 123 3060 169 3144; x_wconf 86' lang='lat' dir='ltr'><strong>gis</strong></span> <span class='ocrx_word' id='word_1_168' title='bbox 182 3059 273 3123; x_wconf 85' lang='lat' dir='ltr'><strong>Olari</strong></span> <span class='ocrx_word' id='word_1_169' title='bbox 294 3072 433 3126; x_wconf 84' lang='lat' dir='ltr'><strong>accurate</strong></span> <span class='ocrx_word' id='word_1_170' title='bbox 457 3057 639 3126; x_wconf 78' lang='lat' dir='ltr'><strong>describitur</strong></span> <span class='ocrx_word' id='word_1_171' title='bbox 662 3055 746 3144; x_wconf 80' lang='lat' dir='ltr'><strong>(hist&#39;.</strong></span> <span class='ocrx_word' id='word_1_172' title='bbox 810 3058 964 3123; x_wconf 87' lang='lat' dir='ltr'><strong>hominurn</strong></span> <span class='ocrx_word' id='word_1_173' title='bbox 980 3057 1096 3123; x_wconf 80' lang='lat' dir='ltr'><strong>fidelius</strong></span> <span class='ocrx_word' id='word_1_174' title='bbox 1117 3059 1264 3150; x_wconf 81' lang='lat' dir='ltr'><strong>latiusque</strong></span> <span class='ocrx_word' id='word_1_175' title='bbox 1282 3087 1434 3150; x_wconf 82' lang='lat' dir='ltr'><strong>propaga·</strong></span> 
     </span>
     <span class='ocr_line' id='line_1_22' title="bbox 122 3165 1434 3253; baseline 0.005 -25"><span class='ocrx_word' id='word_1_176' title='bbox 122 3185 187 3248; x_wconf 84' lang='lat' dir='ltr'><strong>reg.</strong></span> <span class='ocrx_word' id='word_1_177' title='bbox 204 3168 336 3250; x_wconf 87' lang='lat' dir='ltr'><strong>Norreg.</strong></span> <span class='ocrx_word' id='word_1_178' title='bbox 358 3167 447 3232; x_wconf 87' lang='lat' dir='ltr'><strong>rol.l</strong></span> <span class='ocrx_word' id='word_1_179' title='bbox 467 3192 499 3253; x_wconf 91' lang='lat' dir='ltr'><strong>p.</strong></span> <span class='ocrx_word' id='word_1_180' title='bbox 523 3165 609 3248; x_wconf 78' lang='lat'>293),</span> <span class='ocrx_word' id='word_1_181' title='bbox 632 3165 746 3230; x_wconf 89' lang='lat' dir='ltr'><strong>dictum</strong></span> <span class='ocrx_word' id='word_1_182' title='bbox 807 3177 868 3243; x_wconf 75' lang='lat' dir='ltr'><strong>tur,</strong></span> <span class='ocrx_word' id='word_1_183' title='bbox 887 3188 977 3252; x_wconf 86' lang='lat' dir='ltr'><strong>qrrarn</strong></span> <span class='ocrx_word' id='word_1_184' title='bbox 986 3189 1054 3252; x_wconf 74' lang='lat' dir='ltr'><strong>qum</strong></span> <span class='ocrx_word' id='word_1_185' title='bbox 1070 3167 1199 3230; x_wconf 82' lang='lat' dir='ltr'><strong>viridam</strong></span> <span class='ocrx_word' id='word_1_186' title='bbox 1213 3167 1434 3236; x_wconf 76' lang='lat' dir='ltr'><strong>umusreiima-</strong></span> 
     </span>
     <span class='ocr_line' id='line_1_23' title="bbox 122 3266 1219 3358; baseline 0.009 -27"><span class='ocrx_word' id='word_1_187' title='bbox 122 3266 183 3334; x_wconf 83' lang='lat' dir='ltr'><strong>luit</strong></span> <span class='ocrx_word' id='word_1_188' title='bbox 195 3277 324 3334; x_wconf 82' lang='lat' dir='ltr'><strong>ormrrirn</strong></span> <span class='ocrx_word' id='word_1_189' title='bbox 338 3276 426 3358; x_wconf 80' lang='lat' dir='ltr'><strong>longi</strong></span> <span class='ocrx_word' id='word_1_190' title='bbox 436 3273 552 3354; x_wconf 86' lang='lat' dir='ltr'><strong>(ltraco</strong></span> <span class='ocrx_word' id='word_1_191' title='bbox 569 3271 700 3358; x_wconf 86' lang='lat' dir='ltr'><strong>longus).</strong></span> <span class='ocrx_word' id='word_1_192' title='bbox 809 3273 910 3358; x_wconf 70' lang='lat' dir='ltr'><strong>giam</strong></span> <span class='ocrx_word' id='word_1_193' title='bbox 925 3285 995 3336; x_wconf 88' lang='lat' dir='ltr'><strong>ante</strong></span> <span class='ocrx_word' id='word_1_194' title='bbox 1008 3277 1113 3338; x_wconf 86' lang='lat' dir='ltr'><strong>oculos</strong></span> <span class='ocrx_word' id='word_1_195' title='bbox 1130 3276 1219 3341; x_wconf 85' lang='lat' dir='ltr'><strong>sistit.</strong></span> 
     </span>
     <span class='ocr_line' id='line_1_24' title="bbox 169 3363 1435 3474; baseline 0.008 -34"><span class='ocrx_word' id='word_1_196' title='bbox 169 3363 377 3462; x_wconf 72' lang='lat' dir='ltr'><strong>&#39;Sngritaiius</strong></span> <span class='ocrx_word' id='word_1_197' title='bbox 393 3377 525 3460; x_wconf 77' lang='lat' dir='ltr'><strong>Euoras]</strong></span> <span class='ocrx_word' id='word_1_198' title='bbox 547 3380 676 3442; x_wconf 84' lang='lat' dir='ltr'><strong>Einarus</strong></span> <span class='ocrx_word' id='word_1_199' title='bbox 698 3399 749 3445; x_wconf 84' lang='lat' dir='ltr'><strong>oo·</strong></span> <span class='ocrx_word' id='word_1_200' title='bbox 857 3383 1013 3454; x_wconf 70' lang='lat' dir='ltr'><strong>²130dem,</strong></span> <span class='ocrx_word' id='word_1_201' title='bbox 1038 3383 1188 3464; x_wconf 81' lang='lat' dir='ltr'><strong>interjecto</strong></span> <span class='ocrx_word' id='word_1_202' title='bbox 1215 3390 1294 3468; x_wconf 80' lang='lat' dir='ltr'><strong>regis</strong></span> <span class='ocrx_word' id='word_1_203' title='bbox 1319 3387 1435 3474; x_wconf 56' lang='lat' dir='ltr'><strong>cirpea]</strong></span> 
     </span>
     <span class='ocr_line' id='line_1_25' title="bbox 121 3479 1435 3576; baseline 0.008 -30"><span class='ocrx_word' id='word_1_204' title='bbox 121 3479 266 3570; x_wconf 85' lang='lat' dir='ltr'><strong>gnomine</strong></span> <span class='ocrx_word' id='word_1_205' title='bbox 287 3483 549 3564; x_wconf 81' lang='lat' dir='ltr'><strong>Tambesbielrer,</strong></span> <span class='ocrx_word' id='word_1_206' title='bbox 580 3484 628 3548; x_wconf 82' lang='lat' dir='ltr'><strong>vir</strong></span> <span class='ocrx_word' id='word_1_207' title='bbox 649 3487 755 3571; x_wconf 36' lang='lat' dir='ltr'><strong>magni·</strong></span> <span class='ocrx_word' id='word_1_208' title='bbox 810 3487 922 3548; x_wconf 83' lang='lat' dir='ltr'><strong>Sensus</strong></span> <span class='ocrx_word' id='word_1_209' title='bbox 938 3497 998 3547; x_wconf 86' lang='lat' dir='ltr'><strong>est:</strong></span> <span class='ocrx_word' id='word_1_210' title='bbox 1013 3483 1129 3548; x_wconf 80' lang='lat' dir='ltr'><strong>Eadem</strong></span> <span class='ocrx_word' id='word_1_211' title='bbox 1141 3487 1285 3552; x_wconf 84' lang='lat' dir='ltr'><strong>violentia</strong></span> <span class='ocrx_word' id='word_1_212' title='bbox 1302 3491 1435 3576; x_wconf 81' lang='lat' dir='ltr'><strong>jaculum</strong></span> 
     </span>
     <span class='ocr_line' id='line_1_26' title="bbox 121 3587 1435 3684; baseline 0.011 -34"><span class='ocrx_word' id='word_1_213' title='bbox 121 3587 610 3676; x_wconf 82' lang='lat' dir='ltr'><strong>inbistoriaNorregicanominis.</strong></span> <span class='ocrx_word' id='word_1_214' title='bbox 632 3593 752 3656; x_wconf 83' lang='lat' dir='ltr'><strong>Exhor-</strong></span> <span class='ocrx_word' id='word_1_215' title='bbox 810 3589 926 3666; x_wconf 76' lang='lat' dir='ltr'><strong>Emori,</strong></span> <span class='ocrx_word' id='word_1_216' title='bbox 952 3589 1088 3674; x_wconf 83' lang='lat' dir='ltr'><strong>quamvis</strong></span> <span class='ocrx_word' id='word_1_217' title='bbox 1106 3591 1229 3679; x_wconf 85' lang='lat' dir='ltr'><strong>clypeus</strong></span> <span class='ocrx_word' id='word_1_218' title='bbox 1250 3599 1330 3684; x_wconf 82' lang='lat' dir='ltr'><strong>regis</strong></span> <span class='ocrx_word' id='word_1_219' title='bbox 1357 3614 1435 3664; x_wconf 89' lang='lat' dir='ltr'><strong>esset</strong></span> 
     </span>
     <span class='ocr_line' id='line_1_27' title="bbox 121 3693 1436 3794; baseline 0.009 -36"><span class='ocrx_word' id='word_1_220' title='bbox 121 3697 271 3766; x_wconf 86' lang='lat' dir='ltr'><strong>tationem</strong></span> <span class='ocrx_word' id='word_1_221' title='bbox 288 3693 326 3759; x_wconf 78' lang='lat' dir='ltr'><strong>ael</strong></span> <span class='ocrx_word' id='word_1_222' title='bbox 343 3698 424 3760; x_wconf 88' lang='lat' dir='ltr'><strong>bunc</strong></span> <span class='ocrx_word' id='word_1_223' title='bbox 440 3697 537 3760; x_wconf 86' lang='lat' dir='ltr'><strong>virum</strong></span> <span class='ocrx_word' id='word_1_224' title='bbox 557 3698 675 3784; x_wconf 78' lang='lat' dir='ltr'><strong>sagittis</strong></span> <span class='ocrx_word' id='word_1_225' title='bbox 696 3717 750 3783; x_wconf 90' lang='lat' dir='ltr'><strong>pe·</strong></span> <span class='ocrx_word' id='word_1_226' title='bbox 808 3694 1004 3782; x_wconf 81' lang='lat' dir='ltr'><strong>interjectus,</strong></span> <span class='ocrx_word' id='word_1_227' title='bbox 1042 3696 1175 3762; x_wconf 83' lang='lat' dir='ltr'><strong>tabulam</strong></span> <span class='ocrx_word' id='word_1_228' title='bbox 1194 3702 1267 3768; x_wconf 87' lang='lat' dir='ltr'><strong>ratis</strong></span> <span class='ocrx_word' id='word_1_229' title='bbox 1292 3721 1436 3794; x_wconf 86' lang='lat' dir='ltr'><strong>penetra·</strong></span> 
     </span>
     <span class='ocr_line' id='line_1_28' title="bbox 121 3801 1436 3897; baseline 0.008 -31"><span class='ocrx_word' id='word_1_230' title='bbox 121 3801 248 3868; x_wconf 84' lang='lat' dir='ltr'><strong>tendum</strong></span> <span class='ocrx_word' id='word_1_231' title='bbox 264 3806 381 3868; x_wconf 85' lang='lat' dir='ltr'><strong>Snnrro</strong></span> <span class='ocrx_word' id='word_1_232' title='bbox 398 3803 436 3867; x_wconf 86' lang='lat' dir='ltr'><strong>ab</strong></span> <span class='ocrx_word' id='word_1_233' title='bbox 445 3805 538 3868; x_wconf 86' lang='lat' dir='ltr'><strong>Erico</strong></span> <span class='ocrx_word' id='word_1_234' title='bbox 553 3806 664 3870; x_wconf 87' lang='lat' dir='ltr'><strong>comite</strong></span> <span class='ocrx_word' id='word_1_235' title='bbox 674 3827 748 3891; x_wconf 88' lang='lat' dir='ltr'><strong>pro·</strong></span> <span class='ocrx_word' id='word_1_236' title='bbox 810 3805 874 3884; x_wconf 87' lang='lat' dir='ltr'><strong>rit,</strong></span> <span class='ocrx_word' id='word_1_237' title='bbox 901 3803 1009 3868; x_wconf 87' lang='lat' dir='ltr'><strong>deinde</strong></span> <span class='ocrx_word' id='word_1_238' title='bbox 1030 3805 1124 3869; x_wconf 86' lang='lat' dir='ltr'><strong>undas</strong></span> <span class='ocrx_word' id='word_1_239' title='bbox 1154 3829 1211 3874; x_wconf 91' lang='lat' dir='ltr'><strong>suo</strong></span> <span class='ocrx_word' id='word_1_240' title='bbox 1238 3811 1355 3897; x_wconf 86' lang='lat' dir='ltr'><strong>impetu</strong></span> <span class='ocrx_word' id='word_1_241' title='bbox 1382 3814 1436 3876; x_wconf 84' lang='lat' dir='ltr'><strong>sli-</strong></span> 
     </span>
     <span class='ocr_line' id='line_1_29' title="bbox 121 3907 1437 4002; baseline 0.008 -32"><span class='ocrx_word' id='word_1_242' title='bbox 121 3907 233 3974; x_wconf 76' lang='lat' dir='ltr'><strong>l&#39;ectam</strong></span> <span class='ocrx_word' id='word_1_243' title='bbox 245 3911 351 3984; x_wconf 80' lang='lat' dir='ltr'><strong>scribit</strong></span> <span class='ocrx_word' id='word_1_244' title='bbox 365 3909 442 3990; x_wconf 78' lang='lat' dir='ltr'><strong>(bist</strong></span> <span class='ocrx_word' id='word_1_245' title='bbox 464 3931 529 3996; x_wconf 87' lang='lat' dir='ltr'><strong>reg.</strong></span> <span class='ocrx_word' id='word_1_246' title='bbox 541 3915 673 3998; x_wconf 82' lang='lat' dir='ltr'><strong>Norreg.</strong></span> <span class='ocrx_word' id='word_1_247' title='bbox 688 3912 748 3975; x_wconf 88' lang='lat' dir='ltr'><strong>rol.</strong></span> <span class='ocrx_word' id='word_1_248' title='bbox 808 3911 953 3999; x_wconf 85' lang='lat' dir='ltr'><strong>quamdiu</strong></span> <span class='ocrx_word' id='word_1_249' title='bbox 972 3913 1078 3975; x_wconf 87' lang='lat' dir='ltr'><strong>secuit.</strong></span> <span class='ocrx_word' id='word_1_250' title='bbox 1129 3913 1185 3976; x_wconf 89' lang='lat' dir='ltr'><strong>Ed.</strong></span> <span class='ocrx_word' id='word_1_251' title='bbox 1204 3938 1252 4000; x_wconf 92' lang='lat' dir='ltr'><strong>pr.</strong></span> <span class='ocrx_word' id='word_1_252' title='bbox 1271 3917 1364 3981; x_wconf 82' lang='lat' dir='ltr'><strong>babet</strong></span> <span class='ocrx_word' id='word_1_253' title='bbox 1378 3926 1437 4002; x_wconf 79' lang='lat' dir='ltr'><strong>Eo·</strong></span> 
     </span>
     <span class='ocr_line' id='line_1_30' title="bbox 121 4007 1434 4109; baseline 0.006 -29"><span class='ocrx_word' id='word_1_254' title='bbox 121 4019 182 4101; x_wconf 91' lang='lat' dir='ltr'><strong>lp.</strong></span> <span class='ocrx_word' id='word_1_255' title='bbox 206 4007 294 4096; x_wconf 69' lang='lat'><strong>342).</strong></span> <span class='ocrx_word' id='word_1_256' title='bbox 342 4020 419 4109; x_wconf 77' lang='lat' dir='ltr'><strong>Quae</strong></span> <span class='ocrx_word' id='word_1_257' title='bbox 437 4031 537 4081; x_wconf 90' lang='lat' dir='ltr'><strong>autem</strong></span> <span class='ocrx_word' id='word_1_258' title='bbox 557 4019 594 4080; x_wconf 86' lang='lat' dir='ltr'><strong>ab</strong></span> <span class='ocrx_word' id='word_1_259' title='bbox 615 4020 682 4104; x_wconf 91' lang='lat' dir='ltr'><strong>ipso</strong></span> <span class='ocrx_word' id='word_1_260' title='bbox 697 4020 749 4082; x_wconf 87' lang='lat' dir='ltr'><strong>Ei·</strong></span> <span class='ocrx_word' id='word_1_261' title='bbox 808 4023 891 4095; x_wconf 83' lang='lat' dir='ltr'><strong>dem,</strong></span> <span class='ocrx_word' id='word_1_262' title='bbox 922 4020 1006 4106; x_wconf 79' lang='lat' dir='ltr'><strong>qrrotl</strong></span> <span class='ocrx_word' id='word_1_263' title='bbox 1034 4021 1150 4082; x_wconf 87' lang='lat' dir='ltr'><strong>nullum</strong></span> <span class='ocrx_word' id='word_1_264' title='bbox 1176 4041 1296 4084; x_wconf 89' lang='lat' dir='ltr'><strong>sensum</strong></span> <span class='ocrx_word' id='word_1_265' title='bbox 1323 4022 1434 4088; x_wconf 81' lang='lat' dir='ltr'><strong>fundit.</strong></span> 
     </span>
     <span class='ocr_line' id='line_1_31' title="bbox 121 4122 1434 4212; baseline 0.006 -26"><span class='ocrx_word' id='word_1_266' title='bbox 121 4145 199 4187; x_wconf 84' lang='lat' dir='ltr'><strong>nero</strong></span> <span class='ocrx_word' id='word_1_267' title='bbox 218 4123 250 4186; x_wconf 89' lang='lat' dir='ltr'><strong>in</strong></span> <span class='ocrx_word' id='word_1_268' title='bbox 271 4145 308 4188; x_wconf 88' lang='lat' dir='ltr'><strong>eo</strong></span> <span class='ocrx_word' id='word_1_269' title='bbox 330 4125 439 4210; x_wconf 83' lang='lat' dir='ltr'><strong>praelio</strong></span> <span class='ocrx_word' id='word_1_270' title='bbox 459 4137 489 4187; x_wconf 90' lang='lat' dir='ltr'><strong>et</strong></span> <span class='ocrx_word' id='word_1_271' title='bbox 512 4122 592 4187; x_wconf 79' lang='lat' dir='ltr'><strong>facta</strong></span> <span class='ocrx_word' id='word_1_272' title='bbox 612 4136 643 4186; x_wconf 92' lang='lat' dir='ltr'><strong>et</strong></span> <span class='ocrx_word' id='word_1_273' title='bbox 666 4123 747 4188; x_wconf 85' lang='lat' dir='ltr'><strong>dicta</strong></span> <span class='ocrx_word' id='word_1_274' title='bbox 807 4126 1007 4212; x_wconf 79' lang='lat' dir='ltr'><strong>stephanius,</strong></span> <span class='ocrx_word' id='word_1_275' title='bbox 1029 4137 1063 4187; x_wconf 90' lang='lat' dir='ltr'><strong>nt</strong></span> <span class='ocrx_word' id='word_1_276' title='bbox 1089 4124 1231 4189; x_wconf 78' lang='lat' dir='ltr'><strong>latinitati</strong></span> <span class='ocrx_word' id='word_1_277' title='bbox 1253 4131 1434 4210; x_wconf 82' lang='lat' dir='ltr'><strong>consuleret,</strong></span> 
     </span>
     <span class='ocr_line' id='line_1_32' title="bbox 121 4229 1435 4320; baseline 0.006 -28"><span class='ocrx_word' id='word_1_278' title='bbox 121 4229 253 4308; x_wconf 83' lang='lat' dir='ltr'><strong>luerint,</strong></span> <span class='ocrx_word' id='word_1_279' title='bbox 275 4229 318 4294; x_wconf 84' lang='lat' dir='ltr'><strong>ita</strong></span> <span class='ocrx_word' id='word_1_280' title='bbox 344 4229 441 4296; x_wconf 83' lang='lat' dir='ltr'><strong>relert</strong></span> <span class='ocrx_word' id='word_1_281' title='bbox 462 4233 596 4308; x_wconf 84' lang='lat' dir='ltr'><strong>Snorro,</strong></span> <span class='ocrx_word' id='word_1_282' title='bbox 628 4242 663 4292; x_wconf 93' lang='lat' dir='ltr'><strong>ut</strong></span> <span class='ocrx_word' id='word_1_283' title='bbox 684 4229 750 4294; x_wconf 85' lang='lat' dir='ltr'><strong>fere</strong></span> <span class='ocrx_word' id='word_1_284' title='bbox 807 4230 899 4295; x_wconf 89' lang='lat' dir='ltr'><strong>tacite</strong></span> <span class='ocrx_word' id='word_1_285' title='bbox 925 4231 1024 4294; x_wconf 92' lang='lat' dir='ltr'><strong>locum</strong></span> <span class='ocrx_word' id='word_1_286' title='bbox 1053 4230 1242 4312; x_wconf 84' lang='lat' dir='ltr'><strong>emendarit,</strong></span> <span class='ocrx_word' id='word_1_287' title='bbox 1272 4233 1435 4320; x_wconf 83' lang='lat' dir='ltr'><strong>ponendo:</strong></span> 
     </span>
     <span class='ocr_line' id='line_1_33' title="bbox 122 4337 1435 4428; baseline 0.005 -28"><span class='ocrx_word' id='word_1_288' title='bbox 122 4337 309 4401; x_wconf 82' lang='lat' dir='ltr'><strong>verbotenus</strong></span> <span class='ocrx_word' id='word_1_289' title='bbox 330 4357 398 4402; x_wconf 85' lang='lat' dir='ltr'><strong>eum</strong></span> <span class='ocrx_word' id='word_1_290' title='bbox 427 4339 602 4404; x_wconf 85' lang='lat' dir='ltr'><strong>narratione</strong></span> <span class='ocrx_word' id='word_1_291' title='bbox 623 4337 749 4402; x_wconf 84' lang='lat' dir='ltr'><strong>Saxonis</strong></span> <span class='ocrx_word' id='word_1_292' title='bbox 808 4339 916 4400; x_wconf 80' lang='lat' dir='ltr'><strong>Eadem</strong></span> <span class='ocrx_word' id='word_1_293' title='bbox 925 4343 958 4399; x_wconf 84' lang='lat' dir='ltr'><strong>vi</strong></span> <span class='ocrx_word' id='word_1_294' title='bbox 967 4339 1090 4420; x_wconf 82' lang='lat' dir='ltr'><strong>trajecto</strong></span> <span class='ocrx_word' id='word_1_295' title='bbox 1099 4345 1177 4424; x_wconf 85' lang='lat' dir='ltr'><strong>regis</strong></span> <span class='ocrx_word' id='word_1_296' title='bbox 1189 4343 1289 4428; x_wconf 75' lang='lat' dir='ltr'><strong>clypw</strong></span> <span class='ocrx_word' id='word_1_297' title='bbox 1295 4369 1307 4416; x_wconf 88' lang='lat'><strong>,·</strong></span> <span class='ocrx_word' id='word_1_298' title='bbox 1322 4341 1375 4405; x_wconf 85' lang='lat' dir='ltr'><strong>sed</strong></span> <span class='ocrx_word' id='word_1_299' title='bbox 1388 4345 1435 4406; x_wconf 81' lang='lat' dir='ltr'><strong>rix</strong></span> 
     </span>
     <span class='ocr_line' id='line_1_34' title="bbox 121 4442 1436 4532; baseline 0.008 -26"><span class='ocrx_word' id='word_1_300' title='bbox 121 4445 308 4530; x_wconf 86' lang='lat' dir='ltr'><strong>conspirent.</strong></span> <span class='ocrx_word' id='word_1_301' title='bbox 367 4445 429 4514; x_wconf 85' lang='lat' dir='ltr'><strong>Vix</strong></span> <span class='ocrx_word' id='word_1_302' title='bbox 444 4457 543 4510; x_wconf 87' lang='lat' dir='ltr'><strong>autem</strong></span> <span class='ocrx_word' id='word_1_303' title='bbox 572 4449 698 4526; x_wconf 87' lang='lat' dir='ltr'><strong>Noster,</strong></span> <span class='ocrx_word' id='word_1_304' title='bbox 719 4443 751 4506; x_wconf 90' lang='lat' dir='ltr'><strong>iu</strong></span> <span class='ocrx_word' id='word_1_305' title='bbox 808 4454 893 4504; x_wconf 84' lang='lat' dir='ltr'><strong>tanta</strong></span> <span class='ocrx_word' id='word_1_306' title='bbox 919 4442 1056 4506; x_wconf 87' lang='lat' dir='ltr'><strong>lectionis</strong></span> <span class='ocrx_word' id='word_1_307' title='bbox 1080 4459 1213 4532; x_wconf 79' lang='lat' dir='ltr'><strong>receptas</strong></span> <span class='ocrx_word' id='word_1_308' title='bbox 1240 4449 1368 4514; x_wconf 87' lang='lat' dir='ltr'><strong>mutatio</strong></span> <span class='ocrx_word' id='word_1_309' title='bbox 1389 4463 1436 4516; x_wconf 87' lang='lat' dir='ltr'><strong>est</strong></span> 
     </span>
     <span class='ocr_line' id='line_1_35' title="bbox 119 4547 982 4636; baseline 0.001 -24"><span class='ocrx_word' id='word_1_310' title='bbox 119 4550 231 4636; x_wconf 67' lang='lat' dir='ltr'><strong>praelio</strong></span> <span class='ocrx_word' id='word_1_311' title='bbox 249 4547 426 4614; x_wconf 84' lang='lat' dir='ltr'><strong>Sroldremi</strong></span> <span class='ocrx_word' id='word_1_312' title='bbox 446 4549 645 4615; x_wconf 85' lang='lat' dir='ltr'><strong>describendo</strong></span> <span class='ocrx_word' id='word_1_313' title='bbox 672 4553 749 4616; x_wconf 87' lang='lat' dir='ltr'><strong>adeo</strong></span> <span class='ocrx_word' id='word_1_314' title='bbox 808 4550 982 4613; x_wconf 85' lang='lat' dir='ltr'><strong>necessaria.</strong></span> 
     </span>
     <span class='ocr_line' id='line_1_36' title="bbox 121 4654 1434 4748; baseline 0.004 -29"><span class='ocrx_word' id='word_1_315' title='bbox 121 4676 243 4741; x_wconf 82' lang='lat' dir='ltr'><strong>parcus,</strong></span> <span class='ocrx_word' id='word_1_316' title='bbox 266 4656 358 4718; x_wconf 82' lang='lat' dir='ltr'><strong>ullam</strong></span> <span class='ocrx_word' id='word_1_317' title='bbox 379 4654 417 4719; x_wconf 89' lang='lat' dir='ltr'><strong>‹le</strong></span> <span class='ocrx_word' id='word_1_318' title='bbox 440 4677 477 4718; x_wconf 93' lang='lat' dir='ltr'><strong>co</strong></span> <span class='ocrx_word' id='word_1_319' title='bbox 500 4658 680 4720; x_wconf 88' lang='lat' dir='ltr'><strong>relationem</strong></span> <span class='ocrx_word' id='word_1_320' title='bbox 706 4659 744 4722; x_wconf 83' lang='lat' dir='ltr'><strong>ab</strong></span> <span class='ocrx_word' id='word_1_321' title='bbox 854 4659 912 4718; x_wconf 80' lang='lat' dir='ltr'><strong>³ln</strong></span> <span class='ocrx_word' id='word_1_322' title='bbox 931 4655 1022 4742; x_wconf 76' lang='lat' dir='ltr'><strong>quod]</strong></span> <span class='ocrx_word' id='word_1_323' title='bbox 1050 4661 1095 4720; x_wconf 81' lang='lat' dir='ltr'><strong>lta</strong></span> <span class='ocrx_word' id='word_1_324' title='bbox 1115 4656 1298 4743; x_wconf 73' lang='lat' dir='ltr'><strong>stephanius</strong></span> <span class='ocrx_word' id='word_1_325' title='bbox 1322 4681 1382 4748; x_wconf 88' lang='lat' dir='ltr'><strong>pro</strong></span> <span class='ocrx_word' id='word_1_326' title='bbox 1404 4667 1434 4724; x_wconf 83' lang='lat' dir='ltr'><strong>r&#39;n</strong></span> 
     </span>
     <span class='ocr_line' id='line_1_37' title="bbox 119 4759 1435 4854; baseline 0.006 -30"><span class='ocrx_word' id='word_1_327' title='bbox 119 4759 377 4826; x_wconf 83' lang='lat' dir='ltr'><strong>baminelslando</strong></span> <span class='ocrx_word' id='word_1_328' title='bbox 392 4775 559 4846; x_wconf 86' lang='lat' dir='ltr'><strong>acceperat.</strong></span> <span class='ocrx_word' id='word_1_329' title='bbox 606 4764 666 4828; x_wconf 89' lang='lat' dir='ltr'><strong>Sed</strong></span> <span class='ocrx_word' id='word_1_330' title='bbox 680 4767 748 4828; x_wconf 90' lang='lat' dir='ltr'><strong>nnl-</strong></span> <span class='ocrx_word' id='word_1_331' title='bbox 774 4769 779 4781; x_wconf 96' lang='grc'><strong><em>’</em></strong></span> <span class='ocrx_word' id='word_1_332' title='bbox 806 4785 862 4846; x_wconf 82' lang='lat' dir='ltr'><strong>quo</strong></span> <span class='ocrx_word' id='word_1_333' title='bbox 887 4763 918 4824; x_wconf 95' lang='lat' dir='ltr'><strong>in</strong></span> <span class='ocrx_word' id='word_1_334' title='bbox 944 4761 990 4824; x_wconf 89' lang='lat' dir='ltr'><strong>cd.</strong></span> <span class='ocrx_word' id='word_1_335' title='bbox 1018 4785 1077 4848; x_wconf 78' lang='lat' dir='ltr'><strong>pn,</strong></span> <span class='ocrx_word' id='word_1_336' title='bbox 1101 4765 1184 4850; x_wconf 82' lang='lat' dir='ltr'><strong>quod</strong></span> <span class='ocrx_word' id='word_1_337' title='bbox 1203 4767 1315 4853; x_wconf 83' lang='lat' dir='ltr'><strong>regulis</strong></span> <span class='ocrx_word' id='word_1_338' title='bbox 1331 4792 1435 4854; x_wconf 79' lang='lat' dir='ltr'><strong>gram·</strong></span> 
     </span>
     <span class='ocr_line' id='line_1_38' title="bbox 118 4871 1095 4957; baseline 0.002 -23"><span class='ocrx_word' id='word_1_339' title='bbox 118 4871 217 4934; x_wconf 79' lang='lat' dir='ltr'><strong>larum</strong></span> <span class='ocrx_word' id='word_1_340' title='bbox 230 4889 333 4933; x_wconf 86' lang='lat' dir='ltr'><strong>rerum</strong></span> <span class='ocrx_word' id='word_1_341' title='bbox 353 4880 503 4952; x_wconf 82' lang='lat' dir='ltr'><strong>gestarum</strong></span> <span class='ocrx_word' id='word_1_342' title='bbox 526 4871 670 4933; x_wconf 84' lang='lat' dir='ltr'><strong>memoria</strong></span> <span class='ocrx_word' id='word_1_343' title='bbox 690 4891 745 4934; x_wconf 84' lang='lat' dir='ltr'><strong>are</strong></span> <span class='ocrx_word' id='word_1_344' title='bbox 805 4871 923 4932; x_wconf 78' lang='lat' dir='ltr'><strong>maticae</strong></span> <span class='ocrx_word' id='word_1_345' title='bbox 935 4885 1095 4957; x_wconf 79' lang='lat' dir='ltr'><strong>repugnat.</strong></span> 
     </span>
    </p>
   </div>
   <div class='ocr_carea' id='block_1_4' title="bbox 0 0 1758 5458">
    <p class='ocr_par' dir='ltr' id='par_1_4' title="bbox 0 0 1758 5458">
     <span class='ocr_line' id='line_1_39' title="bbox 0 0 1758 5458; baseline 0 0"><span class='ocrx_word' id='word_1_346' title='bbox 0 0 1758 5458; x_wconf 95' lang='lat' dir='ltr'><strong> </strong></span> 
     </span>
    </p>
   </div>
  </div>
 </body>
</html>
