3446 5458
630 315 820 428 EROTHO
841 317 895 387 lll.
1289 319 1358 390 211

497 525 624 598 Ericus
641 526 691 598 sie
707 541 846 598 contra:

238 651 285 718 Ut
300 646 414 718 cuiuis
439 662 575 722 natura
588 646 741 748 pilotria
764 671 912 749 corpore
927 648 1031 736 seuit,

136 749 140 761 ¹
271 829 276 840 .
301 768 427 843 Omnis
450 789 577 870 nempe
591 767 959 870 enodarbaferenda
974 769 1052 842 loeo
1068 785 1130 842 est.

235 897 287 964 lle
300 891 471 962 Veneris¹
489 889 651 964 totenes
665 905 769 963 artus
784 891 930 992 agitare
950 913 1093 964 necesse
1110 905 1178 980 est;

298 1013 418 1084 Motus
438 1007 570 1113 quippe
585 1036 774 1088 moenam
794 1012 897 1088 labor
909 1013 1025 1086 omm's
1040 1011 1181 1086 tabee.

239 1136 330 1208 Cum
346 1135 446 1206 natis
465 1135 646 1236 'excipitur
663 1151 750 1208 nate
772 1135 834 1209 oet
849 1161 958 1238 quum
973 1133 1114 1208 subdita
1123 1159 1257 1236 penem

298 1257 421 1331 Vultea
437 1261 551 1360 eupit,
575 1255 664 1358 quet
676 1253 729 1330 at
740 1257 820 1332 brec
834 1259 967 1331 addere
980 1280 1063 1330 neas
1076 1253 1236 1330 renuit³?

234 1377 292 1451 Ad
310 1375 389 1452 baec
405 1379 477 1470 illa,
489 1397 660 1479 tanquam
677 1380 885 1456 elocutionis
904 1383 1020 1480 inops,
1045 1383 1105 1456 eui
1119 1378 1411 1454 necemdestina-

104 1515 213 1590 verm,
238 1525 366 1574 aurum
383 1501 522 1576 tradere
547 1519 670 1577 coacta
687 1519 751 1594 est,
774 1503 930 1578 filiorum
954 1487 1165 1576 interlectori
1188 1527 1306 1600 poenae
1329 1501 1411 1576 loeo

104 1626 270 1696 eximium
284 1601 436 1724 erogans
454 1650 595 1698 munus.
648 1617 837 1698 Cumulata
852 1625 1029 1725 siquidem
1051 1625 1233 1700 infelicitas
1250 1639 1312 1714 est,
1339 1645 1412 1698 non

104 1743 277 1818 vindicata
305 1745 515 1846 malignitas.
576 1749 733 1820 Pn'mum
758 1749 852 1820 enim
875 1747 1016 1821 orbitati
1050 1747 1176 1842 adacta
1217 1769 1260 1820 ac
1284 1727 1412 1820 deinde

105 1867 302 1966 verborum
317 1866 480 1942 violentia
496 1868 675 1942 confutata
701 1893 785 1942 eum
808 1870 942 1967 opibus
958 1869 1064 1943 simul
1090 1871 1299 1972 eloquentiae
1321 1897 1412 1970 pre-

106 1994 194 2062 tium
219 1989 380 2088 perdidit.
432 1992 553 2064 Beavit
570 1990 768 2065 liberorum
783 1989 1023 2084 sublatorem,
1057 2011 1237 2067 auctorem
1253 1993 1438 2070 orbitatis‘

105 2137 178 2187 suae
193 2113 344 2212 praemio
368 2127 563 2206 munerata,
589 2111 675 2186 nihil
691 2137 760 2214 pro
775 2114 998 2212 repensanda
1014 2115 1170 2188 filiorum
1185 2115 1287 2190 clade
1310 2141 1412 2216 prae-

105 2253 154 2308 ter
178 2237 325 2309 inscitiae
361 2234 540 2333 probrum
568 2259 609 2307 ac
642 2259 762 2308 rerum
791 2237 948 2333 inopiam
982 2236 1147 2312 relerens.
1215 2241 1297 2332 Quo
1323 2241 1412 2329 viso,

105 2361 325 2432 Westmarus
340 2356 461 2432 verbis
478 2361 698 2456 superiorem
725 2358 862 2433 viribus
881 2359 1055 2431 incessere
1086 2363 1222 2450 statuit,
1245 2363 1412 2435 vincentis

106 2481 293 2578 praemium
313 2485 350 2554 in
370 2485 452 2556 victi
475 2507 562 2556 nece
577 2482 811 2572 constituens,
835 2497 874 2552 ut
888 2483 1070 2577 utriusque
1092 2479 1189 2554 salus
1211 2481 1247 2553 in
1264 2483 1412 2584 pignore

105 2607 221 2702 posita
237 2601 427 2676 videretur.
504 2608 578 2678 Neo
600 2605 728 2678 Ericus
753 2600 957 2675 conditione
971 2607 1021 2673 uti
1042 2602 1185 2696 abnuit,
1218 2603 1264 2676 ne
1293 2603 1429 2704 lingua·

106 2751 218 2825 quarn
230 2747 341 2799 mauu
356 2730 555 2827 promptior
571 2726 757 2801 existimari
778 2740 908 2823 posset.
966 2727 1050 2797 Erat
1068 2741 1185 2798 autem
1209 2723 1281 2798 tale
1294 2741 1412 2798 certa-
1473 2739 1484 2774 ³

106 2992 246 3058 Petronii
269 2996 501 3058 commentatori
525 2996 664 3058 lubenter
687 3013 734 3058 re·
792 3021 849 3059 non
867 2999 1018 3059 intellectis
1033 3001 1137 3062 veteris
1154 3001 1306 3081 seriptum
1319 2995 1413 3056 ducti·

106 3101 284 3185 linquamus.
792 3106 852 3165 bus.

154 3211 229 3270 ¹120
265 3203 401 3286 Veneni]
440 3205 545 3270 Editio
581 3205 735 3290 princeps,
838 3211 962 3272 1Μιιιιω
976 3214 1161 3295 qm'ppesnos
1178 3227 1244 3271 narn
1258 3208 1340 3269 tator
1355 3227 1414 3266 om·

95 3333 198 3396 quam
214 3323 337 3374 scontm
360 3324 406 3374 est
421 3311 614 3396 stephanius,
640 3309 733 3372 habet
792 3320 838 3378 nti
852 3310 950 3393 labet]
974 3313 1170 3377 pleonasmus
1191 3324 1236 3376 est
1254 3317 1359 3398 quippe
1383 3323 1414 3374 et

106 3423 262 3503 Reuu'giis,
275 3415 359 3502 quod
371 3415 495 3502 quidem
508 3418 546 3480 ab
568 3416 661 3480 baoee
681 3434 733 3478 oo·
793 3445 881 3494 trani,
907 3439 969 3504 quo
989 3429 1090 3496 tamen
1112 3429 1240 3485 utuntur
1263 3418 1414 3482 interdum
1504 3435 1511 3450 ·

107 3524 289 3608 gitatiouum
303 3522 379 3585 serie
393 3523 517 3586 omnino
531 3522 668 3606 alienum¹
679 3533 733 3584 est.
791 3525 967 3610 scriptores.
1030 3527 1063 3586 G.
1087 3525 1230 3588 Bartbius
1255 3527 1324 3589 looo
1354 3525 1416 3609 jam

107 3637 237 3694 Textum
254 3627 478 3694 emendarimus
502 3648 538 3690 ex
571 3625 734 3689 autoritate
775 3631 886 3713 ¹allato
905 3629 972 3692 hmo
991 3628 1098 3692 habet:
1129 3633 1245 3716 Quarto
1271 3655 1355 3694 versa
1380 3655 1416 3692 ee

108 3735 233 3820 Casparl
257 3734 394 3814 Barthii,
428 3734 536 3820 quiin
559 3732 668 3796 litteris
696 3729 734 3793 ad
770 3761 848 3809 ,usu
863 3739 962 3800 secoli
979 3727 1014 3792 td
1034 3739 1139 3825 quippe
1158 3737 1301 3811 abundas,
1324 3761 1360 3800 ne
1380 3739 1416 3800 de

106 3837 624 3927 Stephanium'annoleCXXXlll
635 3833 734 3898 missis
794 3843 896 3904 mendo
913 3845 981 3925 ‘quis
999 3859 1166 3925 argntetur,
1187 3867 1243 3922 quo
1251 3860 1343 3930 parto
1358 3869 1416 3931 po·

108 3967 148 4010 ex
169 3945 374 4030 manuscripto
409 3943 574 4031 exemplari
606 3942 733 4007 Saxoms
791 3949 1017 4010 st'rumtnvem'es
1027 3949 1110 4033 apud
1116 3951 1312 4032 Augustalium
1321 3973 1355 4035 p.
1366 3947 1416 4010 te

108 4055 207 4117 nostri
222 4054 267 4120 ita
279 4053 362 4116 buno
375 4047 665 4140 rettumemendatt
680 4050 734 4111 Vi-
791 4053 862 4113 libri
890 4052 926 4112 de
953 4055 1047 4133 gestis
1070 4055 1206 4136 Pelagii,
1235 4055 1416 4115 Graeilbbrtum

110 4160 275 4231 deduntur,
297 4156 415 4241 inquit,
441 4161 562 4219 tonitui
575 4156 652 4243 pede
666 4155 733 4214 bene
792 4161 973 4220 Armort'enm
996 4158 1043 4218 tit.
1061 4160 1115 4219 IV
1130 4157 1329 4244 Pttaeppetdos
1344 4179 1416 4218 vers.

109 4265 337 4326 ltoeceoneiliata
357 4267 404 4324 iri.
451 4269 494 4324 At
515 4266 546 4323 in
566 4262 673 4345 opttino
688 4279 734 4318 co·
792 4247 1417 4334 469,Historico‘sNormannioeaDueBes·

45 4363 53 4384 ⁸
111 4375 262 4436 dt'eeerat:
281 4375 344 4434 Res
359 4363 639 4435 Venerlsbomines.
657 4363 735 4424 Scri·
792 4372 840 4429 nio
856 4369 950 4429 edt'tos
960 4390 1034 4454 pag.
1050 4365 1141 4437 106,
1162 4365 1251 4438 108,
1273 4366 1349 4429 138
1363 4385 1416 4429 ete.

110 4479 231 4541 bendum
251 4479 351 4540 vt'des:
376 4477 423 4536 Re
437 4470 576 4540 Veneris.
616 4471 657 4528 Et
669 4467 737 4528 otti-
840 4475 934 4533 ³Mus
956 4465 1063 4550 renut't]
1078 4472 1113 4531 ln
1136 4468 1290 4553 prioribus
1309 4469 1417 4535 editio-

110 4587 170 4644 mis
183 4586 290 4647 verbis:
305 4578 394 4672 'Quid
417 4577 534 4642 adbaeo
547 4571 657 4640 addere
675 4589 738 4633 mas
796 4574 884 4639 nibus
897 4573 1055 4659 legebatur
1075 4577 1169 4657 majos
1193 4581 1258 4640 erit.
1311 4577 1417 4641 Ratio-

112 4689 208 4752 runit„
249 4688 374 4751 Omnino
395 4669 591 4748 serdenddm:
610 4699 674 4742 mas
691 4697 736 4740 re·
800 4699 869 4743 nem
883 4679 973 4760 hujus
990 4677 1210 4744 emendationis
1230 4681 1323 4765 paolo
1346 4695 1416 4746 ante

114 4791 194 4854 nuit.
217 4795 351 4872 Pessum,
368 4795 420 4876 qui
440 4791 594 4854 ediderunt
602 4793 743 4879 primunt,
803 4783 948 4849 dedimus.

1128 4887 1226 4984 ur>
