<?xml version="1.0" encoding="UTF-8"?>
<!DOCTYPE html PUBLIC "-//W3C//DTD XHTML 1.0 Transitional//EN"
    "http://www.w3.org/TR/xhtml1/DTD/xhtml1-transitional.dtd">
<html xmlns="http://www.w3.org/1999/xhtml" xml:lang="en" lang="en">
 <head>
  <title>
</title>
<meta http-equiv="Content-Type" content="text/html;charset=utf-8" />
  <meta name='ocr-system' content='tesseract 3.04.00' />
  <meta name='ocr-capabilities' content='ocr_page ocr_carea ocr_par ocr_line ocrx_word'/>
</head>
<body>
  <div class='ocr_page' id='page_1' title='image "./historiadanica00velsgoog_0047.png"; bbox 0 0 3548 5470; ppageno 0'>
   <div class='ocr_carea' id='block_1_1' title="bbox 369 296 1226 372">
    <p class='ocr_par' dir='ltr' id='par_1_1' title="bbox 369 296 1226 372">
     <span class='ocr_line' id='line_1_1' title="bbox 369 296 1226 372; baseline 0.005 -5"><span class='ocrx_word' id='word_1_1' title='bbox 369 297 418 368; x_wconf 75' lang='lat'>26</span> <span class='ocrx_word' id='word_1_2' title='bbox 681 338 684 348; x_wconf 89' lang='lat'>·</span> <span class='ocrx_word' id='word_1_3' title='bbox 718 296 892 368; x_wconf 71' lang='lat' dir='ltr'>fflS&#39;l&#39;Oib</span> <span class='ocrx_word' id='word_1_4' title='bbox 914 297 1178 372; x_wconf 72' lang='lat' dir='ltr'>mantuan</span> <span class='ocrx_word' id='word_1_5' title='bbox 1202 302 1226 372; x_wconf 85' lang='lat' dir='ltr'>l.</span> 
     </span>
    </p>
   </div>
   <div class='ocr_carea' id='block_1_2' title="bbox 311 495 1626 1824">
    <p class='ocr_par' dir='ltr' id='par_1_2' title="bbox 311 495 1626 1824">
     <span class='ocr_line' id='line_1_2' title="bbox 450 495 1626 606; baseline 0.005 -28"><span class='ocrx_word' id='word_1_6' title='bbox 450 495 621 597; x_wconf 74' lang='lat' dir='ltr'>Puellam,</span> <span class='ocrx_word' id='word_1_7' title='bbox 636 507 874 604; x_wconf 83' lang='lat' dir='ltr'>cnjnaamore</span> <span class='ocrx_word' id='word_1_8' title='bbox 883 505 1099 598; x_wconf 74' lang='lat' dir='ltr'>emitxnat,</span> <span class='ocrx_word' id='word_1_9' title='bbox 1115 513 1289 585; x_wconf 77' lang='lat' dir='ltr'>acerrime</span> <span class='ocrx_word' id='word_1_10' title='bbox 1300 509 1509 606; x_wconf 77' lang='lat' dir='ltr'>nuptiarum</span> <span class='ocrx_word' id='word_1_11' title='bbox 1515 532 1626 586; x_wconf 68' lang='lat' dir='ltr'>oemu·</span> 
     </span>
     <span class='ocr_line' id='line_1_3' title="bbox 315 625 1626 728; baseline 0.008 -28"><span class='ocrx_word' id='word_1_12' title='bbox 315 626 354 700; x_wconf 88' lang='lat' dir='ltr'>io</span> <span class='ocrx_word' id='word_1_13' title='bbox 368 625 560 718; x_wconf 85' lang='lat' dir='ltr'>liberatus,</span> <span class='ocrx_word' id='word_1_14' title='bbox 586 629 621 700; x_wconf 90' lang='lat' dir='ltr'>in</span> <span class='ocrx_word' id='word_1_15' title='bbox 643 651 777 728; x_wconf 76' lang='lat' dir='ltr'>pugnae</span> <span class='ocrx_word' id='word_1_16' title='bbox 794 634 984 726; x_wconf 84' lang='lat' dir='ltr'>praemium</span> <span class='ocrx_word' id='word_1_17' title='bbox 1002 631 1150 727; x_wconf 82' lang='lat' dir='ltr'>reecpit,</span> <span class='ocrx_word' id='word_1_18' title='bbox 1173 653 1326 728; x_wconf 84' lang='lat' dir='ltr'>eamque</span> <span class='ocrx_word' id='word_1_19' title='bbox 1349 629 1418 704; x_wconf 85' lang='lat' dir='ltr'>ribi</span> <span class='ocrx_word' id='word_1_20' title='bbox 1438 635 1626 709; x_wconf 68' lang='lat' dir='ltr'>marmo-</span> 
     </span>
     <span class='ocr_line' id='line_1_4' title="bbox 316 749 1623 851; baseline 0.003 -27"><span class='ocrx_word' id='word_1_21' title='bbox 316 751 377 836; x_wconf 85' lang='lat' dir='ltr'>nio</span> <span class='ocrx_word' id='word_1_22' title='bbox 395 749 589 849; x_wconf 77' lang='lat' dir='ltr'><strong>copulavit.</strong></span> <span class='ocrx_word' id='word_1_23' title='bbox 638 752 693 824; x_wconf 80' lang='lat' dir='ltr'>Ex</span> <span class='ocrx_word' id='word_1_24' title='bbox 716 751 788 848; x_wconf 85' lang='lat' dir='ltr'>qua</span> <span class='ocrx_word' id='word_1_25' title='bbox 810 749 920 848; x_wconf 87' lang='lat' dir='ltr'>paulo</span> <span class='ocrx_word' id='word_1_26' title='bbox 942 766 1026 848; x_wconf 89' lang='lat' dir='ltr'>post</span> <span class='ocrx_word' id='word_1_27' title='bbox 1039 753 1151 829; x_wconf 69' lang='grc' dir='ltr'><strong>(Ξιιιιιι</strong></span> <span class='ocrx_word' id='word_1_28' title='bbox 1174 749 1289 824; x_wconf 89' lang='lat' dir='ltr'>filium</span> <span class='ocrx_word' id='word_1_29' title='bbox 1304 750 1458 828; x_wconf 76' lang='lat' dir='ltr'><strong>sustulit.</strong></span> <span class='ocrx_word' id='word_1_30' title='bbox 1510 753 1623 851; x_wconf 84' lang='lat' dir='ltr'>Cujus</span> 
     </span>
     <span class='ocr_line' id='line_1_5' title="bbox 314 870 1624 972; baseline 0 -26"><span class='ocrx_word' id='word_1_31' title='bbox 314 871 463 946; x_wconf 78' lang='lat' dir='ltr'>mirifica</span> <span class='ocrx_word' id='word_1_32' title='bbox 481 870 621 946; x_wconf 78' lang='lat' dir='ltr'>indoles</span> <span class='ocrx_word' id='word_1_33' title='bbox 636 873 685 947; x_wconf 90' lang='lat' dir='ltr'>ita</span> <span class='ocrx_word' id='word_1_34' title='bbox 699 886 865 970; x_wconf 88' lang='lat' dir='ltr'>paternas</span> <span class='ocrx_word' id='word_1_35' title='bbox 882 873 1030 948; x_wconf 84' lang='lat' dir='ltr'>virtutes</span> <span class='ocrx_word' id='word_1_36' title='bbox 1049 870 1223 962; x_wconf 78' lang='lat' dir='ltr'><strong>redoluit,</strong></span> <span class='ocrx_word' id='word_1_37' title='bbox 1257 890 1296 948; x_wconf 90' lang='lat' dir='ltr'>ut</span> <span class='ocrx_word' id='word_1_38' title='bbox 1313 899 1463 972; x_wconf 80' lang='lat' dir='ltr'>prorsus</span> <span class='ocrx_word' id='word_1_39' title='bbox 1480 899 1547 972; x_wconf 89' lang='lat' dir='ltr'>per</span> <span class='ocrx_word' id='word_1_40' title='bbox 1564 899 1624 946; x_wconf 90' lang='lat' dir='ltr'>en-</span> 
     </span>
     <span class='ocr_line' id='line_1_6' title="bbox 315 993 1622 1098; baseline 0.002 -30"><span class='ocrx_word' id='word_1_41' title='bbox 315 1021 396 1070; x_wconf 87' lang='lat' dir='ltr'>rum</span> <span class='ocrx_word' id='word_1_42' title='bbox 412 995 560 1094; x_wconf 78' lang='lat' dir='ltr'>vestigia</span> <span class='ocrx_word' id='word_1_43' title='bbox 584 993 775 1068; x_wconf 82' lang='lat' dir='ltr'>decurrere</span> <span class='ocrx_word' id='word_1_44' title='bbox 802 1011 998 1094; x_wconf 89' lang='lat' dir='ltr'>putaretur.</span> <span class='ocrx_word' id='word_1_45' title='bbox 1052 998 1224 1094; x_wconf 76' lang='lat' dir='ltr'>Corporis</span> <span class='ocrx_word' id='word_1_46' title='bbox 1246 998 1431 1098; x_wconf 79' lang='lat' dir='ltr'>animique</span> <span class='ocrx_word' id='word_1_47' title='bbox 1448 1012 1622 1095; x_wconf 79' lang='lat' dir='ltr'>praesun-</span> 
     </span>
     <span class='ocr_line' id='line_1_7' title="bbox 314 1115 1622 1219; baseline 0.003 -29"><span class='ocrx_word' id='word_1_48' title='bbox 314 1119 454 1190; x_wconf 88' lang='lat' dir='ltr'>tissimis</span> <span class='ocrx_word' id='word_1_49' title='bbox 471 1115 619 1190; x_wconf 89' lang='lat' dir='ltr'>dotibus</span> <span class='ocrx_word' id='word_1_50' title='bbox 636 1115 825 1214; x_wconf 71' lang='lat' dir='ltr'>preditam</span> <span class='ocrx_word' id='word_1_51' title='bbox 841 1117 1119 1192; x_wconf 84' lang='lat' dir='ltr'>adolescentiam</span> <span class='ocrx_word' id='word_1_52' title='bbox 1136 1116 1185 1190; x_wconf 91' lang='lat' dir='ltr'>ad</span> <span class='ocrx_word' id='word_1_53' title='bbox 1200 1143 1383 1196; x_wconf 84' lang='lat' dir='ltr'>summum</span> <span class='ocrx_word' id='word_1_54' title='bbox 1405 1117 1531 1219; x_wconf 79' lang='lat' dir='ltr'>glorier</span> <span class='ocrx_word' id='word_1_55' title='bbox 1549 1135 1622 1194; x_wconf 85' lang='lat' dir='ltr'>stn-</span> 
     </span>
     <span class='ocr_line' id='line_1_8' title="bbox 314 1229 1620 1340; baseline 0.003 -30"><span class='ocrx_word' id='word_1_56' title='bbox 314 1254 391 1313; x_wconf 87' lang='lat' dir='ltr'>tum</span> <span class='ocrx_word' id='word_1_57' title='bbox 412 1240 595 1337; x_wconf 78' lang='lat' dir='ltr'>provexit,</span> <span class='ocrx_word' id='word_1_58' title='bbox 627 1253 839 1336; x_wconf 91' lang='lat' dir='ltr'>tantumque</span> <span class='ocrx_word' id='word_1_59' title='bbox 858 1229 1093 1338; x_wconf 74' lang='lat' dir='ltr'>magnitudini</span> <span class='ocrx_word' id='word_1_60' title='bbox 1114 1234 1196 1338; x_wconf 81' lang='lat' dir='ltr'>ejus</span> <span class='ocrx_word' id='word_1_61' title='bbox 1228 1246 1423 1340; x_wconf 78' lang='lat' dir='ltr'>apostatis</span> <span class='ocrx_word' id='word_1_62' title='bbox 1446 1240 1620 1316; x_wconf 89' lang='lat' dir='ltr'>tributum</span> 
     </span>
     <span class='ocr_line' id='line_1_9' title="bbox 313 1360 1620 1461; baseline 0.004 -28"><span class='ocrx_word' id='word_1_63' title='bbox 313 1377 441 1450; x_wconf 70' lang='lat' dir='ltr'>estut</span> <span class='ocrx_word' id='word_1_64' title='bbox 457 1366 492 1434; x_wconf 91' lang='lat' dir='ltr'>in</span> <span class='ocrx_word' id='word_1_65' title='bbox 509 1360 754 1434; x_wconf 83' lang='lat' dir='ltr'>vetustissimis</span> <span class='ocrx_word' id='word_1_66' title='bbox 771 1361 959 1436; x_wconf 83' lang='lat' dir='ltr'>Dacorum</span> <span class='ocrx_word' id='word_1_67' title='bbox 983 1361 1202 1437; x_wconf 71' lang='lat' dir='ltr'>carminibus</span> <span class='ocrx_word' id='word_1_68' title='bbox 1226 1363 1342 1461; x_wconf 88' lang='lat' dir='ltr'>ipsius</span> <span class='ocrx_word' id='word_1_69' title='bbox 1367 1361 1549 1440; x_wconf 80' lang='lat' dir='ltr'>vocabulo</span> <span class='ocrx_word' id='word_1_70' title='bbox 1564 1389 1620 1438; x_wconf 89' lang='lat' dir='ltr'>rc·</span> 
     </span>
     <span class='ocr_line' id='line_1_10' title="bbox 312 1482 1618 1583; baseline 0.002 -29"><span class='ocrx_word' id='word_1_71' title='bbox 312 1489 371 1582; x_wconf 84' lang='lat' dir='ltr'>gia</span> <span class='ocrx_word' id='word_1_72' title='bbox 386 1482 554 1558; x_wconf 87' lang='lat' dir='ltr'>nobilitas</span> <span class='ocrx_word' id='word_1_73' title='bbox 570 1485 791 1556; x_wconf 53' lang='lat' dir='ltr'>censeatur&amp;</span> <span class='ocrx_word' id='word_1_74' title='bbox 825 1482 1007 1581; x_wconf 83' lang='lat' dir='ltr'>Quicquid</span> <span class='ocrx_word' id='word_1_75' title='bbox 1021 1482 1068 1559; x_wconf 88' lang='lat' dir='ltr'>ad</span> <span class='ocrx_word' id='word_1_76' title='bbox 1087 1483 1282 1558; x_wconf 85' lang='lat' dir='ltr'>firmandas</span> <span class='ocrx_word' id='word_1_77' title='bbox 1296 1482 1552 1583; x_wconf 76' lang='lat' dir='ltr'>acuendaeque</span> <span class='ocrx_word' id='word_1_78' title='bbox 1567 1485 1618 1558; x_wconf 88' lang='lat' dir='ltr'>vi·</span> 
     </span>
     <span class='ocr_line' id='line_1_11' title="bbox 312 1592 1619 1704; baseline -0.001 -27"><span class='ocrx_word' id='word_1_79' title='bbox 312 1631 369 1678; x_wconf 91' lang='lat' dir='ltr'>res</span> <span class='ocrx_word' id='word_1_80' title='bbox 384 1608 540 1694; x_wconf 82' lang='lat' dir='ltr'>attinuit,</span> <span class='ocrx_word' id='word_1_81' title='bbox 569 1605 742 1674; x_wconf 87' lang='lat' dir='ltr'>acerrima</span> <span class='ocrx_word' id='word_1_82' title='bbox 767 1603 896 1702; x_wconf 86' lang='lat' dir='ltr'>ingenii</span> <span class='ocrx_word' id='word_1_83' title='bbox 914 1592 1163 1680; x_wconf 80' lang='lat' dir='ltr'>exercitatione</span> <span class='ocrx_word' id='word_1_84' title='bbox 1184 1605 1368 1680; x_wconf 84' lang='lat' dir='ltr'>tractabat.</span> <span class='ocrx_word' id='word_1_85' title='bbox 1426 1609 1458 1678; x_wconf 83' lang='grc' dir='ltr'>Α</span> <span class='ocrx_word' id='word_1_86' title='bbox 1481 1602 1619 1704; x_wconf 83' lang='lat' dir='ltr'>gladia-</span> 
     </span>
     <span class='ocr_line' id='line_1_12' title="bbox 311 1723 1619 1824; baseline 0 -24"><span class='ocrx_word' id='word_1_87' title='bbox 311 1727 452 1800; x_wconf 83' lang='lat' dir='ltr'>toribus</span> <span class='ocrx_word' id='word_1_88' title='bbox 471 1723 604 1799; x_wconf 87' lang='lat' dir='ltr'>vitandi</span> <span class='ocrx_word' id='word_1_89' title='bbox 620 1723 869 1824; x_wconf 82' lang='lat' dir='ltr'>inserendique</span> <span class='ocrx_word' id='word_1_90' title='bbox 892 1730 982 1800; x_wconf 85' lang='lat' dir='ltr'>ictus</span> <span class='ocrx_word' id='word_1_91' title='bbox 999 1726 1314 1800; x_wconf 84' lang='lat' dir='ltr'>conseetudinem²</span> <span class='ocrx_word' id='word_1_92' title='bbox 1333 1726 1495 1802; x_wconf 88' lang='lat' dir='ltr'>studioso</span> <span class='ocrx_word' id='word_1_93' title='bbox 1518 1753 1619 1800; x_wconf 85' lang='lat' dir='ltr'>exer·</span> 
     </span>
    </p>
   </div>
   <div class='ocr_carea' id='block_1_3' title="bbox 183 1841 1617 1948">
    <p class='ocr_par' dir='ltr' id='par_1_3' title="bbox 183 1841 1617 1948">
     <span class='ocr_line' id='line_1_13' title="bbox 183 1841 1617 1948; baseline -0.001 -24"><span class='ocrx_word' id='word_1_94' title='bbox 183 1878 186 1896; x_wconf 90' lang='lat'><em>·</em></span> <span class='ocrx_word' id='word_1_95' title='bbox 310 1851 383 1924; x_wconf 90' lang='lat' dir='ltr'>citii</span> <span class='ocrx_word' id='word_1_96' title='bbox 406 1871 537 1948; x_wconf 83' lang='lat' dir='ltr'>genere</span> <span class='ocrx_word' id='word_1_97' title='bbox 560 1843 803 1924; x_wconf 85' lang='lat' dir='ltr'>contrahebat.</span> <span class='ocrx_word' id='word_1_98' title='bbox 852 1847 1065 1922; x_wconf 84' lang='lat' dir='ltr'>Educntoris</span> <span class='ocrx_word' id='word_1_99' title='bbox 1093 1851 1148 1922; x_wconf 86' lang='lat' dir='ltr'>sui</span> <span class='ocrx_word' id='word_1_100' title='bbox 1174 1841 1292 1924; x_wconf 85' lang='lat' dir='ltr'>Roarii</span> <span class='ocrx_word' id='word_1_101' title='bbox 1317 1848 1439 1940; x_wconf 90' lang='lat' dir='ltr'>filiam,</span> <span class='ocrx_word' id='word_1_102' title='bbox 1458 1875 1617 1926; x_wconf 81' lang='lat' dir='ltr'>coaevam</span> 
     </span>
    </p>
   </div>
   <div class='ocr_carea' id='block_1_4' title="bbox 310 1967 1617 2195">
    <p class='ocr_par' dir='ltr' id='par_1_4' title="bbox 310 1967 1617 2195">
     <span class='ocr_line' id='line_1_14' title="bbox 310 1967 1617 2072; baseline -0.002 -27"><span class='ocrx_word' id='word_1_103' title='bbox 310 1971 381 2045; x_wconf 89' lang='lat' dir='ltr'>sibi</span> <span class='ocrx_word' id='word_1_104' title='bbox 399 1967 740 2068; x_wconf 89' lang='lat' dir='ltr'>collactaneamquc‚</span> <span class='ocrx_word' id='word_1_105' title='bbox 762 1996 837 2071; x_wconf 91' lang='lat' dir='ltr'>quo</span> <span class='ocrx_word' id='word_1_106' title='bbox 860 1975 1036 2072; x_wconf 86' lang='lat' dir='ltr'>majorem</span> <span class='ocrx_word' id='word_1_107' title='bbox 1053 1971 1279 2047; x_wconf 82' lang='lat' dir='ltr'>incunabulis</span> <span class='ocrx_word' id='word_1_108' title='bbox 1292 1974 1442 2072; x_wconf 81' lang='lat' dir='ltr'>gratiam</span> <span class='ocrx_word' id='word_1_109' title='bbox 1458 1972 1617 2060; x_wconf 76' lang='lat' dir='ltr'>referret,</span> 
     </span>
     <span class='ocr_line' id='line_1_15' title="bbox 311 2089 1616 2195; baseline -0.001 -26"><span class='ocrx_word' id='word_1_110' title='bbox 311 2114 459 2170; x_wconf 70' lang='lat' dir='ltr'>namna</span> <span class='ocrx_word' id='word_1_111' title='bbox 486 2089 654 2178; x_wconf 86' lang='lat' dir='ltr'>adscivit,</span> <span class='ocrx_word' id='word_1_112' title='bbox 692 2115 802 2190; x_wconf 88' lang='lat' dir='ltr'>quam</span> <span class='ocrx_word' id='word_1_113' title='bbox 828 2092 1062 2192; x_wconf 88' lang='lat' dir='ltr'>postmodnm</span> <span class='ocrx_word' id='word_1_114' title='bbox 1086 2097 1197 2168; x_wconf 84' lang='lat' dir='ltr'>Besso</span> <span class='ocrx_word' id='word_1_115' title='bbox 1216 2093 1377 2184; x_wconf 88' lang='lat' dir='ltr'>cuidam,</span> <span class='ocrx_word' id='word_1_116' title='bbox 1408 2091 1514 2195; x_wconf 91' lang='lat' dir='ltr'>quod</span> <span class='ocrx_word' id='word_1_117' title='bbox 1538 2095 1616 2192; x_wconf 86' lang='lat' dir='ltr'>ejus</span> 
     </span>
    </p>
   </div>
   <div class='ocr_carea' id='block_1_5' title="bbox 187 2216 1615 2318">
    <p class='ocr_par' dir='ltr' id='par_1_5' title="bbox 187 2216 1615 2318">
     <span class='ocr_line' id='line_1_16' title="bbox 187 2216 1615 2318; baseline -0.002 -27"><span class='ocrx_word' id='word_1_118' title='bbox 187 2252 196 2258; x_wconf 94' lang='lat'>·</span> <span class='ocrx_word' id='word_1_119' title='bbox 309 2234 453 2290; x_wconf 78' lang='lat' dir='ltr'>sneona</span> <span class='ocrx_word' id='word_1_120' title='bbox 469 2237 583 2312; x_wconf 89' lang='lat' dir='ltr'>opera</span> <span class='ocrx_word' id='word_1_121' title='bbox 597 2237 846 2312; x_wconf 71' lang='lat' dir='ltr'>sepenumero</span> <span class='ocrx_word' id='word_1_122' title='bbox 863 2241 953 2290; x_wconf 87' lang='lat' dir='ltr'>usus</span> <span class='ocrx_word' id='word_1_123' title='bbox 969 2216 1096 2306; x_wconf 87' lang='lat' dir='ltr'>fuerat,</span> <span class='ocrx_word' id='word_1_124' title='bbox 1119 2217 1296 2318; x_wconf 82' lang='lat' dir='ltr'>mercedis</span> <span class='ocrx_word' id='word_1_125' title='bbox 1312 2217 1394 2292; x_wconf 90' lang='lat' dir='ltr'>loco</span> <span class='ocrx_word' id='word_1_126' title='bbox 1421 2217 1615 2315; x_wconf 80' lang='lat' dir='ltr'>conjugem</span> 
     </span>
    </p>
   </div>
   <div class='ocr_carea' id='block_1_6' title="bbox 306 2333 1628 3291">
    <p class='ocr_par' dir='ltr' id='par_1_6' title="bbox 308 2333 1628 2564">
     <span class='ocr_line' id='line_1_17' title="bbox 309 2333 1614 2439; baseline -0.002 -27"><span class='ocrx_word' id='word_1_127' title='bbox 309 2339 440 2412; x_wconf 86' lang='lat' dir='ltr'>tribuit.</span> <span class='ocrx_word' id='word_1_128' title='bbox 500 2339 581 2431; x_wconf 91' lang='lat' dir='ltr'>Quo</span> <span class='ocrx_word' id='word_1_129' title='bbox 604 2333 820 2410; x_wconf 87' lang='lat' dir='ltr'>bellicorum</span> <span class='ocrx_word' id='word_1_130' title='bbox 840 2363 992 2436; x_wconf 91' lang='lat' dir='ltr'>operum</span> <span class='ocrx_word' id='word_1_131' title='bbox 1018 2339 1118 2414; x_wconf 91' lang='lat' dir='ltr'>socio</span> <span class='ocrx_word' id='word_1_132' title='bbox 1140 2339 1271 2429; x_wconf 80' lang='lat' dir='ltr'>fretus,</span> <span class='ocrx_word' id='word_1_133' title='bbox 1297 2340 1382 2439; x_wconf 92' lang='lat' dir='ltr'>plus</span> <span class='ocrx_word' id='word_1_134' title='bbox 1398 2336 1523 2438; x_wconf 78' lang='lat' dir='ltr'>gloriae</span> <span class='ocrx_word' id='word_1_135' title='bbox 1549 2361 1614 2410; x_wconf 87' lang='lat' dir='ltr'>sua</span> 
     </span>
     <span class='ocr_line' id='line_1_18' title="bbox 308 2460 1628 2564; baseline -0.003 -29"><span class='ocrx_word' id='word_1_136' title='bbox 308 2489 354 2535; x_wconf 89' lang='lat' dir='ltr'>an</span> <span class='ocrx_word' id='word_1_137' title='bbox 369 2464 464 2536; x_wconf 78' lang='lat' dir='ltr'>nessi</span> <span class='ocrx_word' id='word_1_138' title='bbox 480 2465 609 2534; x_wconf 87' lang='lat' dir='ltr'>virtute</span> <span class='ocrx_word' id='word_1_139' title='bbox 625 2464 847 2550; x_wconf 87' lang='lat' dir='ltr'>contraxerit,</span> <span class='ocrx_word' id='word_1_140' title='bbox 873 2465 1046 2534; x_wconf 88' lang='lat' dir='ltr'>incertum</span> <span class='ocrx_word' id='word_1_141' title='bbox 1062 2460 1216 2560; x_wconf 88' lang='lat' dir='ltr'>reliquit.</span> <span class='ocrx_word' id='word_1_142' title='bbox 1233 2559 1234 2564; x_wconf 6' lang='grc' dir='ltr'><strong>Ἰ</strong></span> <span class='ocrx_word' id='word_1_143' title='bbox 1626 2465 1628 2470; x_wconf 86' lang='grc'><strong>’</strong></span> 
     </span>
    </p>

    <p class='ocr_par' dir='ltr' id='par_1_7' title="bbox 306 2581 1615 3291">
     <span class='ocr_line' id='line_1_19' title="bbox 432 2581 1614 2684; baseline -0.004 -28"><span class='ocrx_word' id='word_1_144' title='bbox 432 2587 500 2678; x_wconf 88' lang='lat' dir='ltr'>Qui</span> <span class='ocrx_word' id='word_1_145' title='bbox 519 2607 600 2656; x_wconf 87' lang='lat' dir='ltr'>curn</span> <span class='ocrx_word' id='word_1_146' title='bbox 617 2583 709 2656; x_wconf 84' lang='lat' dir='ltr'>forte</span> <span class='ocrx_word' id='word_1_147' title='bbox 729 2585 912 2656; x_wconf 85' lang='lat' dir='ltr'>Sneonnm</span> <span class='ocrx_word' id='word_1_148' title='bbox 928 2589 1022 2683; x_wconf 80' lang='lat' dir='ltr'>regis</span> <span class='ocrx_word' id='word_1_149' title='bbox 1048 2585 1199 2682; x_wconf 82' lang='lat' dir='ltr'>Siotrugi</span> <span class='ocrx_word' id='word_1_150' title='bbox 1225 2581 1357 2684; x_wconf 47' lang='lat' dir='ltr'>filiam„</span> <span class='ocrx_word' id='word_1_151' title='bbox 1375 2583 1463 2674; x_wconf 90' lang='lat' dir='ltr'>Gro,</span> <span class='ocrx_word' id='word_1_152' title='bbox 1487 2583 1614 2682; x_wconf 82' lang='lat' dir='ltr'>gigan·</span> 
     </span>
     <span class='ocr_line' id='line_1_20' title="bbox 308 2702 1615 2806; baseline -0.005 -24"><span class='ocrx_word' id='word_1_153' title='bbox 308 2727 383 2784; x_wconf 91' lang='lat' dir='ltr'>tum</span> <span class='ocrx_word' id='word_1_154' title='bbox 399 2705 542 2784; x_wconf 88' lang='lat' dir='ltr'>cuidam</span> <span class='ocrx_word' id='word_1_155' title='bbox 562 2702 779 2802; x_wconf 87' lang='lat' dir='ltr'>desponsam</span> <span class='ocrx_word' id='word_1_156' title='bbox 798 2721 1042 2804; x_wconf 82' lang='lat' dir='ltr'>cognosceret,</span> <span class='ocrx_word' id='word_1_157' title='bbox 1062 2722 1136 2778; x_wconf 73' lang='lat' dir='ltr'>nam</span> <span class='ocrx_word' id='word_1_158' title='bbox 1152 2704 1335 2805; x_wconf 84' lang='lat' dir='ltr'>indignam</span> <span class='ocrx_word' id='word_1_159' title='bbox 1350 2709 1450 2806; x_wconf 79' lang='lat' dir='ltr'>regio</span> <span class='ocrx_word' id='word_1_160' title='bbox 1471 2705 1615 2802; x_wconf 83' lang='lat' dir='ltr'>sangvi-</span> 
     </span>
     <span class='ocr_line' id='line_1_21' title="bbox 306 2823 1612 2929; baseline -0.007 -24"><span class='ocrx_word' id='word_1_161' title='bbox 306 2857 353 2906; x_wconf 90' lang='lat' dir='ltr'>ne</span> <span class='ocrx_word' id='word_1_162' title='bbox 373 2828 543 2929; x_wconf 88' lang='lat' dir='ltr'>copulam</span> <span class='ocrx_word' id='word_1_163' title='bbox 567 2842 751 2902; x_wconf 81' lang='lat' dir='ltr'>execratus</span> <span class='ocrx_word' id='word_1_164' title='bbox 773 2825 913 2900; x_wconf 91' lang='lat' dir='ltr'>bellum</span> <span class='ocrx_word' id='word_1_165' title='bbox 940 2825 1146 2900; x_wconf 88' lang='lat' dir='ltr'>Svethicum</span> <span class='ocrx_word' id='word_1_166' title='bbox 1178 2833 1395 2928; x_wconf 82' lang='lat' dir='ltr'>auspicatur,</span> <span class='ocrx_word' id='word_1_167' title='bbox 1427 2823 1612 2899; x_wconf 77' lang='lat' dir='ltr'>Herculeae</span> 
     </span>
     <span class='ocr_line' id='line_1_22' title="bbox 306 2945 1611 3046; baseline -0.006 -22"><span class='ocrx_word' id='word_1_168' title='bbox 306 2955 445 3025; x_wconf 83' lang='lat' dir='ltr'>virtutis</span> <span class='ocrx_word' id='word_1_169' title='bbox 473 2947 639 3046; x_wconf 78' lang='lat' dir='ltr'>exemplo</span> <span class='ocrx_word' id='word_1_170' title='bbox 662 2965 906 3022; x_wconf 88' lang='lat' dir='ltr'>monstrorum</span> <span class='ocrx_word' id='word_1_171' title='bbox 931 2949 1069 3022; x_wconf 89' lang='lat' dir='ltr'>nisibus</span> <span class='ocrx_word' id='word_1_172' title='bbox 1093 2949 1312 3024; x_wconf 88' lang='lat' dir='ltr'>obstaturus.</span> <span class='ocrx_word' id='word_1_173' title='bbox 1364 2953 1452 3022; x_wconf 87' lang='lat' dir='ltr'>inita</span> <span class='ocrx_word' id='word_1_174' title='bbox 1468 2945 1611 3036; x_wconf 86' lang='lat' dir='ltr'>Gothia,</span> 
     </span>
     <span class='ocr_line' id='line_1_23' title="bbox 306 3065 1612 3171; baseline -0.005 -25"><span class='ocrx_word' id='word_1_175' title='bbox 306 3099 389 3148; x_wconf 90' lang='lat' dir='ltr'>cum</span> <span class='ocrx_word' id='word_1_176' title='bbox 415 3069 726 3144; x_wconf 88' lang='lat' dir='ltr'>deturbandorum</span> <span class='ocrx_word' id='word_1_177' title='bbox 750 3065 944 3144; x_wconf 84' lang='lat' dir='ltr'>obviorum</span> <span class='ocrx_word' id='word_1_178' title='bbox 975 3075 1086 3171; x_wconf 84' lang='lat' dir='ltr'>gratia</span> <span class='ocrx_word' id='word_1_179' title='bbox 1111 3077 1266 3170; x_wconf 89' lang='lat' dir='ltr'>caprinis</span> <span class='ocrx_word' id='word_1_180' title='bbox 1297 3070 1502 3170; x_wconf 83' lang='lat' dir='ltr'>tergoribus</span> <span class='ocrx_word' id='word_1_181' title='bbox 1527 3075 1612 3142; x_wconf 89' lang='lat' dir='ltr'>ami·</span> 
     </span>
     <span class='ocr_line' id='line_1_24' title="bbox 306 3190 1609 3291; baseline -0.005 -23"><span class='ocrx_word' id='word_1_182' title='bbox 306 3213 385 3270; x_wconf 87' lang='lat' dir='ltr'>otus</span> <span class='ocrx_word' id='word_1_183' title='bbox 398 3193 588 3281; x_wconf 84' lang='lat' dir='ltr'>incederet,</span> <span class='ocrx_word' id='word_1_184' title='bbox 603 3217 645 3264; x_wconf 89' lang='lat' dir='ltr'>ac</span> <span class='ocrx_word' id='word_1_185' title='bbox 660 3193 767 3267; x_wconf 88' lang='lat' dir='ltr'>variis</span> <span class='ocrx_word' id='word_1_186' title='bbox 785 3193 942 3267; x_wconf 80' lang='lat' dir='ltr'>serarum</span> <span class='ocrx_word' id='word_1_187' title='bbox 958 3190 1115 3291; x_wconf 84' lang='lat' dir='ltr'>pellibus</span> <span class='ocrx_word' id='word_1_188' title='bbox 1132 3195 1440 3268; x_wconf 87' lang='lat' dir='ltr'>circumamictus³</span> <span class='ocrx_word' id='word_1_189' title='bbox 1468 3190 1609 3264; x_wconf 84' lang='lat' dir='ltr'>horrifi-</span> 
     </span>
    </p>
   </div>
   <div class='ocr_carea' id='block_1_7' title="bbox 306 3315 1748 3418">
    <p class='ocr_par' dir='ltr' id='par_1_8' title="bbox 306 3315 1748 3418">
     <span class='ocr_line' id='line_1_25' title="bbox 306 3315 1748 3418; baseline -0.004 -27"><span class='ocrx_word' id='word_1_190' title='bbox 306 3343 462 3417; x_wconf 87' lang='lat' dir='ltr'>cumque</span> <span class='ocrx_word' id='word_1_191' title='bbox 476 3315 598 3390; x_wconf 84' lang='lat' dir='ltr'>dextra</span> <span class='ocrx_word' id='word_1_192' title='bbox 614 3333 796 3416; x_wconf 83' lang='lat' dir='ltr'>gestamen</span> <span class='ocrx_word' id='word_1_193' title='bbox 814 3317 1024 3416; x_wconf 86' lang='lat' dir='ltr'>complexus</span> <span class='ocrx_word' id='word_1_194' title='bbox 1048 3318 1232 3416; x_wconf 80' lang='lat' dir='ltr'>giganteas</span> <span class='ocrx_word' id='word_1_195' title='bbox 1250 3315 1434 3390; x_wconf 88' lang='lat' dir='ltr'>simularet</span> <span class='ocrx_word' id='word_1_196' title='bbox 1455 3317 1610 3403; x_wconf 86' lang='lat' dir='ltr'>exuvias,</span> <span class='ocrx_word' id='word_1_197' title='bbox 1747 3401 1748 3418; x_wconf 12' lang='grc' dir='ltr'>χ</span> 
     </span>
    </p>
   </div>
   <div class='ocr_carea' id='block_1_8' title="bbox 302 3582 1611 3670">
    <p class='ocr_par' dir='ltr' id='par_1_9' title="bbox 302 3561 1611 3670">
     <span class='ocr_line' id='line_1_26' title="bbox 302 3582 1611 3670; baseline -0.003 -19"><span class='ocrx_word' id='word_1_198' title='bbox 302 3587 497 3664; x_wconf 64' lang='lat' dir='ltr'>antenctae,</span> <span class='ocrx_word' id='word_1_199' title='bbox 515 3587 594 3670; x_wconf 82' lang='lat' dir='ltr'>quod</span> <span class='ocrx_word' id='word_1_200' title='bbox 605 3609 642 3648; x_wconf 72' lang='lat' dir='ltr'>ex</span> <span class='ocrx_word' id='word_1_201' title='bbox 661 3589 713 3650; x_wconf 83' lang='lat' dir='ltr'>illa</span> <span class='ocrx_word' id='word_1_202' title='bbox 731 3591 856 3650; x_wconf 74' lang='lat' dir='ltr'>uectoria</span> <span class='ocrx_word' id='word_1_203' title='bbox 876 3589 932 3650; x_wconf 81' lang='lat' dir='ltr'>alei&#39;</span> <span class='ocrx_word' id='word_1_204' title='bbox 985 3583 1167 3648; x_wconf 74' lang='lat' dir='ltr'>carminibus</span> <span class='ocrx_word' id='word_1_205' title='bbox 1191 3583 1291 3650; x_wconf 75' lang='lat' dir='ltr'>dietus</span> <span class='ocrx_word' id='word_1_206' title='bbox 1309 3584 1406 3655; x_wconf 70' lang='lat' dir='ltr'>inerit</span> <span class='ocrx_word' id='word_1_207' title='bbox 1423 3583 1525 3650; x_wconf 64' lang='lat' dir='ltr'>fitn-</span> <span class='ocrx_word' id='word_1_208' title='bbox 1551 3582 1611 3648; x_wconf 76' lang='lat' dir='ltr'>tid.</span> 
     </span>
    </p>
   </div>
   <div class='ocr_carea' id='block_1_9' title="bbox 298 3689 1115 3781">
    <p class='ocr_par' dir='ltr' id='par_1_10' title="bbox 298 3689 1115 3781">
     <span class='ocr_line' id='line_1_27' title="bbox 298 3689 1115 3781; baseline -0.006 -25"><span class='ocrx_word' id='word_1_209' title='bbox 298 3697 471 3781; x_wconf 70' lang='lat' dir='ltr'>peceatum,</span> <span class='ocrx_word' id='word_1_210' title='bbox 508 3696 569 3777; x_wconf 84' lang='lat' dir='ltr'>ipse</span> <span class='ocrx_word' id='word_1_211' title='bbox 595 3691 721 3774; x_wconf 71' lang='lat' dir='ltr'>gloriam</span> <span class='ocrx_word' id='word_1_212' title='bbox 748 3711 929 3780; x_wconf 77' lang='lat' dir='ltr'>occupasset,</span> <span class='ocrx_word' id='word_1_213' title='bbox 985 3703 1048 3754; x_wconf 80' lang='lat' dir='ltr'>not.</span> <span class='ocrx_word' id='word_1_214' title='bbox 1064 3689 1115 3753; x_wconf 89' lang='lat' dir='ltr'>ub.</span> 
     </span>
    </p>
   </div>
   <div class='ocr_carea' id='block_1_10' title="bbox 302 3759 1748 3880">
    <p class='ocr_par' dir='ltr' id='par_1_11' title="bbox 302 3759 1748 3880">
     <span class='ocr_line' id='line_1_28' title="bbox 302 3759 1748 3880; baseline 0.003 -19"><span class='ocrx_word' id='word_1_215' title='bbox 302 3811 333 3861; x_wconf 91' lang='lat' dir='ltr'>et</span> <span class='ocrx_word' id='word_1_216' title='bbox 355 3817 427 3859; x_wconf 87' lang='lat' dir='ltr'>mox</span> <span class='ocrx_word' id='word_1_217' title='bbox 446 3793 484 3857; x_wconf 89' lang='lat' dir='ltr'>de</span> <span class='ocrx_word' id='word_1_218' title='bbox 507 3795 650 3878; x_wconf 87' lang='lat' dir='ltr'>Scipione</span> <span class='ocrx_word' id='word_1_219' title='bbox 673 3797 835 3860; x_wconf 81' lang='lat' dir='ltr'>AEmiliatm</span> <span class='ocrx_word' id='word_1_220' title='bbox 855 3797 928 3860; x_wconf 89' lang='lat' dir='ltr'>ibid.</span> <span class='ocrx_word' id='word_1_221' title='bbox 1028 3745 1440 3880; x_wconf 57' lang='grc' dir='ltr'>2Λόνὶσιίὶσισνίὂππιιιίσιιιίί</span> <span class='ocrx_word' id='word_1_222' title='bbox 1450 3799 1611 3874; x_wconf 65' lang='lat' dir='ltr'>inserendi·</span> <span class='ocrx_word' id='word_1_223' title='bbox 1747 3759 1748 3762; x_wconf 7' lang='grc' dir='ltr'><strong>Ἴ</strong></span> 
     </span>
    </p>
   </div>
   <div class='ocr_carea' id='block_1_11' title="bbox 303 3901 1610 3991">
    <p class='ocr_par' dir='ltr' id='par_1_12' title="bbox 303 3901 1610 3991">
     <span class='ocr_line' id='line_1_29' title="bbox 303 3901 1610 3991; baseline 0 -23"><span class='ocrx_word' id='word_1_224' title='bbox 303 3903 352 3983; x_wconf 75' lang='lat'>13,</span> <span class='ocrx_word' id='word_1_225' title='bbox 367 3927 483 3991; x_wconf 83' lang='lat' dir='ltr'>operum</span> <span class='ocrx_word' id='word_1_226' title='bbox 497 3926 566 3964; x_wconf 80' lang='lat' dir='ltr'>seor</span> <span class='ocrx_word' id='word_1_227' title='bbox 566 3927 613 3964; x_wconf 87' lang='lat' dir='ltr'>nm</span> <span class='ocrx_word' id='word_1_228' title='bbox 627 3905 708 3966; x_wconf 78' lang='lat' dir='ltr'>adse</span> <span class='ocrx_word' id='word_1_229' title='bbox 721 3906 850 3976; x_wconf 83' lang='lat' dir='ltr'>landem,</span> <span class='ocrx_word' id='word_1_230' title='bbox 864 3929 926 3968; x_wconf 85' lang='lat' dir='ltr'>ma·</span> <span class='ocrx_word' id='word_1_231' title='bbox 982 3923 1034 3986; x_wconf 83' lang='lat' dir='ltr'>quc</span> <span class='ocrx_word' id='word_1_232' title='bbox 1047 3907 1122 3964; x_wconf 78' lang='lat' dir='ltr'>ectus</span> <span class='ocrx_word' id='word_1_233' title='bbox 1138 3901 1384 3986; x_wconf 73' lang='lat' dir='ltr'>consaetudiaem]</span> <span class='ocrx_word' id='word_1_234' title='bbox 1408 3907 1497 3966; x_wconf 81' lang='lat' dir='ltr'>Hune</span> <span class='ocrx_word' id='word_1_235' title='bbox 1516 3903 1610 3983; x_wconf 74' lang='lat' dir='ltr'>plin-</span> 
     </span>
    </p>
   </div>
   <div class='ocr_carea' id='block_1_12' title="bbox 300 4004 1748 4096">
    <p class='ocr_par' dir='ltr' id='par_1_13' title="bbox 300 4004 1748 4096">
     <span class='ocr_line' id='line_1_30' title="bbox 300 4004 1748 4096; baseline -0.004 -22"><span class='ocrx_word' id='word_1_236' title='bbox 300 4015 403 4074; x_wconf 79' lang='lat' dir='ltr'>noda&#39;us</span> <span class='ocrx_word' id='word_1_237' title='bbox 424 4011 608 4096; x_wconf 82' lang='lat' dir='ltr'>adpotrr&#39;am</span> <span class='ocrx_word' id='word_1_238' title='bbox 629 4011 791 4072; x_wconf 65' lang='lat' dir='ltr'>tedoadum</span> <span class='ocrx_word' id='word_1_239' title='bbox 811 4012 923 4072; x_wconf 83' lang='lat' dir='ltr'>molur&#39;t.</span> <span class='ocrx_word' id='word_1_240' title='bbox 976 4006 1024 4070; x_wconf 77' lang='lat' dir='ltr'>tin</span> <span class='ocrx_word' id='word_1_241' title='bbox 1036 4007 1151 4077; x_wconf 63' lang='lat' dir='ltr'>saxoni</span> <span class='ocrx_word' id='word_1_242' title='bbox 1166 4006 1374 4091; x_wconf 77' lang='lat' dir='ltr'>suppeditavit</span> <span class='ocrx_word' id='word_1_243' title='bbox 1396 4004 1609 4075; x_wconf 67' lang='lat' dir='ltr'>thet&#39;iusffi·</span> <span class='ocrx_word' id='word_1_244' title='bbox 1711 4047 1713 4057; x_wconf 55' lang='grc' dir='ltr'><strong>ι</strong></span> <span class='ocrx_word' id='word_1_245' title='bbox 1747 4031 1748 4060; x_wconf 70' lang='grc' dir='ltr'><strong>ι</strong></span> 
     </span>
    </p>
   </div>
   <div class='ocr_carea' id='block_1_13' title="bbox 288 4109 1609 4306">
    <p class='ocr_par' dir='ltr' id='par_1_14' title="bbox 288 4109 1609 4306">
     <span class='ocr_line' id='line_1_31' title="bbox 288 4109 1609 4201; baseline -0.006 -19"><span class='ocrx_word' id='word_1_246' title='bbox 288 4115 416 4182; x_wconf 82' lang='lat' dir='ltr'>-Siroilia</span> <span class='ocrx_word' id='word_1_247' title='bbox 429 4111 568 4201; x_wconf 74' lang='lat' dir='ltr'>qaedam</span> <span class='ocrx_word' id='word_1_248' title='bbox 588 4125 692 4178; x_wconf 82' lang='lat' dir='ltr'>noctae</span> <span class='ocrx_word' id='word_1_249' title='bbox 710 4113 749 4176; x_wconf 85' lang='lat' dir='ltr'>de</span> <span class='ocrx_word' id='word_1_250' title='bbox 770 4113 923 4178; x_wconf 80' lang='lat' dir='ltr'>Absaione</span> <span class='ocrx_word' id='word_1_251' title='bbox 978 4111 1085 4191; x_wconf 79' lang='lat' dir='ltr'>ximus,</span> <span class='ocrx_word' id='word_1_252' title='bbox 1103 4111 1156 4196; x_wconf 83' lang='lat' dir='ltr'>qai</span> <span class='ocrx_word' id='word_1_253' title='bbox 1175 4114 1244 4177; x_wconf 88' lang='lat' dir='ltr'>Lib.</span> <span class='ocrx_word' id='word_1_254' title='bbox 1265 4118 1301 4178; x_wconf 89' lang='lat' dir='ltr'>ll.</span> <span class='ocrx_word' id='word_1_255' title='bbox 1321 4132 1387 4199; x_wconf 85' lang='lat' dir='ltr'>cap.</span> <span class='ocrx_word' id='word_1_256' title='bbox 1407 4109 1439 4192; x_wconf 80' lang='lat'>³,</span> <span class='ocrx_word' id='word_1_257' title='bbox 1460 4109 1481 4176; x_wconf 73' lang='lat'>2</span> <span class='ocrx_word' id='word_1_258' title='bbox 1501 4123 1609 4178; x_wconf 77' lang='lat' dir='ltr'>ment</span> 
     </span>
     <span class='ocr_line' id='line_1_32' title="bbox 299 4217 1609 4306; baseline 0.001 -21"><span class='ocrx_word' id='word_1_259' title='bbox 299 4219 379 4285; x_wconf 80' lang='lat' dir='ltr'>infra</span> <span class='ocrx_word' id='word_1_260' title='bbox 402 4220 455 4284; x_wconf 89' lang='lat' dir='ltr'>lib.</span> <span class='ocrx_word' id='word_1_261' title='bbox 477 4223 548 4289; x_wconf 79' lang='lat' dir='ltr'>xvi</span> <span class='ocrx_word' id='word_1_262' title='bbox 568 4219 634 4305; x_wconf 83' lang='lat' dir='ltr'>ipae</span> <span class='ocrx_word' id='word_1_263' title='bbox 659 4219 763 4288; x_wconf 81' lang='lat' dir='ltr'>attulit</span> <span class='ocrx_word' id='word_1_264' title='bbox 788 4219 835 4282; x_wconf 80' lang='lat' dir='ltr'>his</span> <span class='ocrx_word' id='word_1_265' title='bbox 856 4240 923 4284; x_wconf 82' lang='lat' dir='ltr'>ver·</span> <span class='ocrx_word' id='word_1_266' title='bbox 979 4217 1299 4284; x_wconf 62' lang='lat' dir='ltr'>attenuationem</span> <span class='ocrx_word' id='word_1_267' title='bbox 1314 4220 1477 4284; x_wconf 66' lang='lat' dir='ltr'>anonim</span> <span class='ocrx_word' id='word_1_268' title='bbox 1488 4221 1609 4306; x_wconf 69' lang='lat' dir='ltr'>gladiis·</span> 
     </span>
    </p>
   </div>
   <div class='ocr_carea' id='block_1_14' title="bbox 299 4323 1731 4414">
    <p class='ocr_par' dir='ltr' id='par_1_15' title="bbox 299 4289 1748 4414">
     <span class='ocr_line' id='line_1_33' title="bbox 299 4323 1731 4414; baseline 0 -24"><span class='ocrx_word' id='word_1_269' title='bbox 299 4323 362 4390; x_wconf 78' lang='lat' dir='ltr'>bit:</span> <span class='ocrx_word' id='word_1_270' title='bbox 377 4328 535 4414; x_wconf 82' lang='lat' dir='ltr'>proedoene</span> <span class='ocrx_word' id='word_1_271' title='bbox 543 4332 696 4414; x_wconf 74' lang='lat' dir='ltr'>parnceps</span> <span class='ocrx_word' id='word_1_272' title='bbox 721 4327 832 4410; x_wconf 79' lang='lat' dir='ltr'>quidem</span> <span class='ocrx_word' id='word_1_273' title='bbox 850 4327 924 4412; x_wconf 72' lang='lat' dir='ltr'>fiee</span> <span class='ocrx_word' id='word_1_274' title='bbox 980 4343 1112 4388; x_wconf 75' lang='lat' dir='ltr'>torturae</span> <span class='ocrx_word' id='word_1_275' title='bbox 1133 4327 1203 4388; x_wconf 83' lang='lat' dir='ltr'>ludo</span> <span class='ocrx_word' id='word_1_276' title='bbox 1228 4331 1375 4391; x_wconf 70' lang='lat' dir='ltr'>ormetdr&#39;s</span> <span class='ocrx_word' id='word_1_277' title='bbox 1392 4327 1511 4390; x_wconf 64' lang='lat' dir='ltr'>attende·</span> <span class='ocrx_word' id='word_1_278' title='bbox 1521 4345 1608 4412; x_wconf 73' lang='lat' dir='ltr'>atque</span> <span class='ocrx_word' id='word_1_279' title='bbox 1728 4377 1731 4386; x_wconf 87' lang='lat'>.</span> 
     </span>
    </p>
   </div>
   <div class='ocr_carea' id='block_1_15' title="bbox 235 4431 1607 4900">
    <p class='ocr_par' dir='ltr' id='par_1_16' title="bbox 298 4431 1607 4626">
     <span class='ocr_line' id='line_1_34' title="bbox 298 4431 1607 4520; baseline 0.004 -27"><span class='ocrx_word' id='word_1_280' title='bbox 298 4437 457 4504; x_wconf 70' lang='lat' dir='ltr'>amount,</span> <span class='ocrx_word' id='word_1_281' title='bbox 482 4436 611 4518; x_wconf 75' lang='lat' dir='ltr'>glor-ima</span> <span class='ocrx_word' id='word_1_282' title='bbox 630 4435 734 4504; x_wconf 81' lang='lat' dir='ltr'>adse,</span> <span class='ocrx_word' id='word_1_283' title='bbox 764 4433 860 4520; x_wconf 66' lang='lat' dir='ltr'>spotia</span> <span class='ocrx_word' id='word_1_284' title='bbox 884 4433 928 4495; x_wconf 81' lang='lat' dir='ltr'>od</span> <span class='ocrx_word' id='word_1_285' title='bbox 980 4431 1128 4517; x_wconf 67' lang='lat' dir='ltr'>castrandi</span> <span class='ocrx_word' id='word_1_286' title='bbox 1149 4436 1226 4496; x_wconf 81' lang='lat' dir='ltr'>ictus</span> <span class='ocrx_word' id='word_1_287' title='bbox 1254 4433 1433 4498; x_wconf 57' lang='lat' dir='ltr'>socierum</span> <span class='ocrx_word' id='word_1_288' title='bbox 1464 4437 1607 4498; x_wconf 71' lang='grc' dir='ltr'><strong>πσεὼπσπι</strong></span> 
     </span>
     <span class='ocr_line' id='line_1_35' title="bbox 298 4534 1374 4626; baseline 0.003 -26"><span class='ocrx_word' id='word_1_289' title='bbox 298 4539 403 4600; x_wconf 77' lang='lat' dir='ltr'>mrir&#39;tes</span> <span class='ocrx_word' id='word_1_290' title='bbox 425 4537 589 4602; x_wconf 71' lang='lat' dir='ltr'>redividare</span> <span class='ocrx_word' id='word_1_291' title='bbox 608 4545 764 4626; x_wconf 75' lang='lat' dir='ltr'>speciosum</span> <span class='ocrx_word' id='word_1_292' title='bbox 784 4539 923 4602; x_wconf 76' lang='lat' dir='ltr'>ducendo.</span> <span class='ocrx_word' id='word_1_293' title='bbox 977 4539 1088 4623; x_wconf 73' lang='lat' dir='ltr'>legibue</span> <span class='ocrx_word' id='word_1_294' title='bbox 1109 4538 1299 4624; x_wconf 67' lang='lat' dir='ltr'>tegmem</span> <span class='ocrx_word' id='word_1_295' title='bbox 1323 4534 1374 4618; x_wconf 85' lang='lat' dir='ltr'>(S)</span> 
     </span>
    </p>

    <p class='ocr_par' dir='ltr' id='par_1_17' title="bbox 235 4641 1605 4900">
     <span class='ocr_line' id='line_1_36' title="bbox 343 4641 1605 4730; baseline 0.003 -26"><span class='ocrx_word' id='word_1_296' title='bbox 343 4647 356 4704; x_wconf 86' lang='lat'>.¹</span> <span class='ocrx_word' id='word_1_297' title='bbox 372 4643 413 4706; x_wconf 82' lang='lat' dir='ltr'>Ut</span> <span class='ocrx_word' id='word_1_298' title='bbox 425 4645 520 4728; x_wconf 65' lang='lat' dir='ltr'>apcius</span> <span class='ocrx_word' id='word_1_299' title='bbox 537 4647 673 4708; x_wconf 72' lang='lat' dir='ltr'>modulo</span> <span class='ocrx_word' id='word_1_300' title='bbox 688 4649 771 4730; x_wconf 66' lang='lat' dir='ltr'>tegrin</span> <span class='ocrx_word' id='word_1_301' title='bbox 785 4649 922 4710; x_wconf 79' lang='lat' dir='ltr'>aedilitas</span> <span class='ocrx_word' id='word_1_302' title='bbox 1012 4641 1605 4730; x_wconf 52' lang='lat' dir='ltr'>&#39;circumamictusffiiephtniuquttttt-</span> 
     </span>
     <span class='ocr_line' id='line_1_37' title="bbox 235 4743 1604 4843; baseline 0 -29"><span class='ocrx_word' id='word_1_303' title='bbox 235 4766 238 4776; x_wconf 93' lang='grc'><strong><em>·</em></strong></span> <span class='ocrx_word' id='word_1_304' title='bbox 297 4743 461 4828; x_wconf 68' lang='lat' dir='ltr'>meatur]</span> <span class='ocrx_word' id='word_1_305' title='bbox 488 4747 579 4843; x_wconf 77' lang='lat' dir='ltr'>Qvod</span> <span class='ocrx_word' id='word_1_306' title='bbox 602 4746 700 4834; x_wconf 72' lang='lat' dir='ltr'>quivis</span> <span class='ocrx_word' id='word_1_307' title='bbox 718 4752 862 4839; x_wconf 80' lang='lat' dir='ltr'>peinceps</span> <span class='ocrx_word' id='word_1_308' title='bbox 885 4753 919 4816; x_wconf 91' lang='lat' dir='ltr'>iu</span> <span class='ocrx_word' id='word_1_309' title='bbox 974 4750 1267 4837; x_wconf 52' lang='lat' dir='ltr'>temptauerint-et,</span> <span class='ocrx_word' id='word_1_310' title='bbox 1284 4748 1388 4834; x_wconf 69' lang='lat' dir='ltr'>posmt</span> <span class='ocrx_word' id='word_1_311' title='bbox 1403 4754 1604 4820; x_wconf 76' lang='grc' dir='ltr'><strong>σι’πιιιιπσοιιυ.</strong></span> 
     </span>
     <span class='ocr_line' id='line_1_38' title="bbox 1023 4855 1031 4900; baseline 0 0"><span class='ocrx_word' id='word_1_312' title='bbox 1023 4855 1031 4900; x_wconf 79' lang='lat' dir='ltr'>i</span> 
     </span>
    </p>
   </div>
   <div class='ocr_carea' id='block_1_16' title="bbox 0 0 1778 5466">
    <p class='ocr_par' dir='ltr' id='par_1_18' title="bbox 0 0 1778 5466">
     <span class='ocr_line' id='line_1_39' title="bbox 0 0 1778 5466; baseline 0 0"><span class='ocrx_word' id='word_1_313' title='bbox 0 0 1778 5466; x_wconf 95' lang='lat' dir='ltr'> </span> 
     </span>
    </p>
   </div>
  </div>
 </body>
</html>
