3458 5454
383 300 457 376 372
723 291 1022 372 menotense.
1040 293 1267 370 mesum

329 513 411 603 turi,
435 503 657 582 tumultuoso
677 515 807 578 cuncta
822 498 982 576 clamore
1003 503 1221 603 miscebant,
1245 527 1389 605 regem,
1410 507 1446 578 ui
1466 504 1607 582 liliamin
1683 547 1684 554 κ

330 631 496 734 expedito
522 635 681 718 sisteret,
706 641 896 698 evocantes
919 630 955 697 in
974 649 1145 726 pugnam.
1202 630 1368 720 Quomm
1383 626 1608 704 debacchatio·

329 784 413 831 nem
426 755 591 853 protinus
611 745 681 819 olo
708 749 901 843 sponsione
923 754 1122 824 certaminis
1142 753 1296 850 excipit,
1319 750 1511 825 conditione
1523 749 1608 850 adje-

330 895 398 969 cta,
414 903 459 950 ne
475 877 557 974 quis
578 870 702 944 furtim
716 883 855 967 tergum
868 867 1065 946 dimicantis
1082 876 1283 968 incesseret,
1306 872 1372 947 sed
1385 871 1533 962 adversis
1544 889 1609 946 tar-

330 1011 405 1080 tum
424 1021 547 1100 pugna
561 991 813 1092 congressibus
828 1004 944 1065 staret.
997 993 1139 1068 Deinde
1154 993 1287 1094 gladio,
1313 993 1442 1097 chthi
1455 993 1549 1086 dicto,
1560 1019 1611 1068 so-

330 1129 400 1216 lus,
414 1119 604 1196 duodecim
628 1117 834 1212 prostratis,
855 1116 974 1214 majus
999 1114 1223 1191 adolescente
1236 1141 1331 1216 opus
1355 1116 1472 1192 edidit
1517 1121 1612 1190 Cate-

331 1223 414 1325 runi
431 1269 562 1346 pugnae
578 1240 701 1312 locum
714 1236 832 1310 insula
847 1235 958 1309 dabat
972 1239 1097 1337 'stagni
1117 1237 1276 1312 medium
1300 1256 1441 1330 tenens,
1461 1238 1547 1314 nude
1558 1264 1613 1310 nou

330 1374 437 1472 longe
451 1370 553 1444 vicus
580 1363 690 1453 abest,
714 1359 776 1456 qui
790 1357 901 1432 cladis
915 1358 1164 1457 hujuscemodi
1184 1375 1467 1456 monumentum,
1488 1360 1614 1435 Hialliet

218 1509 225 1518 '
332 1499 421 1568 Scati
438 1492 589 1564 fratrum
605 1481 784 1560 vocabula
802 1484 1018 1581 conjunctim
1033 1483 1225 1576 referens¹,
1245 1483 1396 1582 praebet

464 1618 575 1712 Igitur
596 1605 719 1706 puella
739 1603 809 1678 sibi
832 1606 868 1676 in
885 1607 1073 1703 praemium
1096 1607 1251 1678 victoriae
1276 1603 1368 1700 data,
1394 1631 1504 1703 quum
1525 1603 1614 1677 filiun

333 1767 377 1814 ex
400 1763 444 1810 ea
469 1729 666 1817 sustulisset
686 1725 915 1818 Omundum,
940 1726 1124 1826 repetendi
1140 1731 1259 1826 'patris
1285 1728 1498 1802 licentiama
1519 1750 1614 1800 sorem

333 1878 474 1950 nactus,
497 1871 690 1954 postquam
706 1850 857 1948 patriam
874 1873 895 1920 a
910 1848 1078 1922 Therone
1094 1850 1223 1950 regulo
1241 1876 1308 1950 per
1323 1856 1512 1926 Tostonem
1527 1851 1615 1920 Victi-

336 1983 509 2058 marium²
536 1991 570 2047 et
591 1975 773 2046 Liotarum
799 1973 1012 2070 cognomine
1038 1971 1250 2070 praeditum³
1279 1977 1481 2073 oppugnari
1502 1991 1615 2070 cogno-

381 2231 542 2288 ¹Frctrum
554 2219 695 2282 meudula
716 2216 890 2297 conjunctim
918 2241 962 2280 re·
1022 2223 1117 2285 cereri
1133 2217 1244 2294 codiee,
1269 2220 1353 2302 cupias
1372 2220 1418 2282 ad
1438 2243 1516 2282 oram
1532 2215 1616 2278 cdsm'·

327 2327 447 2418 strecs]
475 2331 522 2390 De
546 2324 670 2388 tumulis
692 2322 803 2384 horum
831 2320 963 2385 fratrum
1018 2341 1105 2410 ptum
1119 2325 1240 2410 r'dsuit,
1256 2327 1450 2412 supplendum
1464 2327 1616 2404 duxi5qucnt

334 2437 367 2498 in
383 2437 489 2499 littore
504 2429 676 2494 Hallandiae
691 2427 791 2490 adhuc
805 2429 965 2513 conspicn·
1018 2446 1177 2515 propterea
1208 2435 1323 2493 omuino
1349 2437 1483 2496 exuam
1515 2429 1551 2492 cd
1577 2423 1619 2487 MS

334 2541 438 2606 isvitl.
463 2552 526 2602 not-
539 2535 624 2599 ubcr.
639 2533 677 2596 (le
693 2532 779 2595 Sinti
796 2546 827 2595 et
842 2533 935 2595 Hiall.
1020 2538 1169 2622 exemplar
1185 2539 1366 2602 emendatum
1385 2563 1454 2601 esse.
1494 2539 1617 2596 {tactem

380 2653 549 2712 ”Tortorem
557 2637 775 2720 Vr'ctr‘mcrrum]
787 2641 883 2701 Recte
896 2659 964 2702 om·
1021 2638 1082 2703 ille.
1124 2641 1200 2704 Cum
1216 2654 1317 2704 autem
1338 2655 1478 2728 tempore
1491 2631 1618 2723 Stephani

306 2827 310 2836 .
334 2755 408 2818 nino
432 2751 582 2819 existimat
622 2745 845 2830 Schicningins
871 2743 965 2824 (Νοτ-
1021 2745 1122 2808 nullus
1142 2761 1312 2831 superesset
1329 2748 1427 2812 codex
1439 2746 1564 2823 Saxonis,
1580 2742 1617 2804 ille

222 2859 228 2872 ⁸
334 2881 387 2946 ges
400 2855 538 2923 Historie
553 2856 615 2920 rol.
639 2857 651 2916 l
674 2877 704 2937 p.
719 2847 796 2930 388)
813 2852 964 2914 saxonem
1020 2849 1157 2915 codicem
1184 2851 1235 2915 rix
1257 2853 1351 2916 alium
1371 2855 1540 2938 intelligere
1552 2861 1619 2935 potu·

335 2967 387 3030 bio
401 2963 555 3030 vocabulis
570 2959 671 3024 latinis
690 2957 859 3043 exprimere
876 2958 963 3022 volu·
1021 2958 1049 3021 it
1068 2979 1160 3043 quam
1174 2955 1338 3039 codicem,
1365 2962 1454 3045 cujus
1477 2959 1568 3044 paullo
1587 2954 1619 3014 in·

334 3071 392 3134 isac
413 3089 524 3132 nomen
547 3067 737 3130 Blot-Tostc.
795 3067 873 3125 Nam
895 3083 964 3126 ver·
1023 3061 1072 3126 l'ra
1092 3064 1124 3126 in
1146 3061 1227 3126 notis
1249 3063 1288 3126 ad
1309 3065 1434 3130 initium
1462 3065 1528 3128 libri
1544 3056 1619 3124 otttri

332 3175 408 3237 bum
429 3177 509 3238 biota
530 3169 679 3257 significat
708 3168 741 3250 l)
759 3181 903 3246 mactare,
928 3167 964 3250 2)
1023 3169 1207 3231 mentionem
1222 3167 1314 3250 facit,
1335 3173 1507 3235 versionem
1523 3162 1620 3233 saxonis

334 3279 503 3346 sacrificare
521 3263 620 3356 idolis,
636 3275 671 3356 3)
690 3277 785 3338 malos
797 3273 902 3359 genios
917 3277 963 3335 in·
1024 3275 1173 3338 Denicam
1188 3276 1421 3340 vetustissimam
1435 3275 1525 3358 (nnnc
1540 3271 1620 3355 depr·

334 3405 445 3452 vocare
467 3385 514 3448 vel
531 3381 786 3446 incantationibus
811 3394 842 3444 et
873 3401 963 3446 vene·
1022 3378 1129 3462 ditum)
1154 3381 1371 3444 continentem.
1446 3381 1525 3447 Talis
1546 3391 1621 3442 auten

311 3473 411 3556 ‘ficiis
432 3511 556 3577 operam
572 3489 653 3554 dare.
691 3488 773 3550 Hinc
786 3486 888 3549 Snbst.
903 3490 962 3548 blot
1024 3487 1124 3572 glossa
1146 3486 1257 3548 incerti
1279 3489 1397 3551 autoris
1421 3487 1460 3550 ad
1480 3509 1556 3550 oran
1572 3501 1620 3544 rer·

335 3599 450 3662 nomini
469 3595 628 3682 prefixum
648 3596 781 3680 primum
800 3593 964 3656 denotabat
1021 3593 1113 3656 sionis
1129 3577 1254 3656 incerta
1270 3593 1367 3656 aetatis
1383 3593 1531 3685 sdspripta
1544 3589 1622 3671 exigu-

334 3707 490 3766 strenuum
518 3702 644 3765 deornm
664 3702 832 3776 cultorem,
856 3699 963 3782 impri-
1023 3722 1072 3763 am
1088 3721 1159 3762 sane
1175 3699 1268 3762 babet
1293 3701 1489 3764 autoritatem
1506 3699 1622 3762 criticam

335 3807 391 3871 mis
410 3810 518 3886 talem,
540 3808 592 3894 qui
610 3804 762 3869 sacrificiis
783 3804 843 3866 loci
863 3805 963 3887 cujus·
1023 3805 1161 3872 Credidit
1180 3807 1407 3890 Scbiinningius
1442 3811 1561 3890 (Norges
1583 3799 1622 3862 Hi·

334 3912 404 3976 dsm
412 3913 490 3976 sacri
499 3911 644 3976 faciendis
653 3922 795 3995 praeerat,
804 3909 875 3972 dein
884 3909 915 3970 in
928 3910 962 3972 li·
1020 3913 1114 3978 storiis
1126 3914 1187 3979 vol.
1208 3917 1221 3975 1
1242 3935 1272 3996 p.
1285 3908 1374 3994 388),
1388 3931 1550 3996 cognomen
1565 3905 1623 3993 peti·

333 4015 965 4102 brltslslantllclsacrioribusincantatorttm.
1021 4033 1087 4084 tum
1099 4040 1136 4082 ex
1155 4019 1250 4082 insula
1270 4019 1401 4102 quadam
1423 4012 1622 4084 Hordalandlae,

380 4131 392 4166 ³
410 4133 563 4192 botarum
591 4102 758 4208 cogriomiue
788 4119 963 4211 preditum]
1021 4148 1091 4212 quae
1104 4125 1214 4210 saepius
1235 4124 1267 4186 in
1284 4123 1413 4188 historia
1428 4121 1623 4206 Norragieot·

333 4232 440 4296 Liotar
464 4247 509 4296 est
528 4249 639 4294 nomen
667 4229 847 4292 islandicam
862 4230 961 4308 Liotr,
1021 4231 1117 4294 currit
1134 4229 1176 4313 (r.
1199 4249 1224 4292 c.
1244 4229 1324 4293 Hist.
1349 4251 1414 4314 reg.
1435 4223 1619 4292 Naturali

333 4337 415 4400 haud
442 4337 532 4402 dubie
556 4337 654 4415 idem,
684 4333 766 4421 quod
789 4339 900 4398 Noster
929 4332 963 4394 in
1022 4360 1052 4422 p.
1062 4332 1149 4416 948),
1158 4358 1228 4422 quse
1241 4334 1477 4400 diciturMorstr
1493 4335 1623 4400 vettius.

332 4443 437 4504 limine
446 4443 581 4506 historiae
590 4460 647 4527 per
656 4441 825 4506 Lotherum
843 4457 964 4521 expres·
1024 4441 1247 4508 Commendant
1262 4442 1384 4528 quidem
1396 4443 1475 4504 hauc
1488 4439 1623 4502 lectionem

334 4547 383 4609 sit.
423 4549 605 4633 stephanius
622 4550 653 4610 in
673 4569 725 4610 sua
747 4543 880 4608 editione
892 4556 963 4627 post
1024 4550 1329 4626 litteraeassonautes,
1343 4571 1414 4636 quae
1425 4562 1489 4612 turn
1503 4541 1624 4630 quodam·

334 4657 490 4718 Lecturam
513 4654 615 4740 posuit
645 4659 793 4724 Mouster,
823 4651 855 4712 in
880 4649 962 4712 notis
1023 4653 1115 4718 modo
1133 4655 1299 4718 versiculos
1314 4655 1389 4717 dnos
1407 4644 1624 4726 efficiuntscili·

335 4755 529 4820 uberioribus
554 4761 622 4821 haec
640 4758 792 4820 scribens:
823 4760 889 4818 Hoc
910 4780 963 4818 cn·
1023 4772 1074 4822 cet
1094 4763 1198 4822 Tltorir
1213 4759 1624 4832 ctos-Tostttrtnrorttostr·

336 4877 385 4924 tec
400 4883 556 4944 cognomen
578 4865 811 4944 desiderabatur,
834 4867 912 4947 quod
928 4889 964 4925 ex
1025 4868 1169 4930 Attamen
1179 4885 1249 4932 curn
1258 4867 1435 4932 haecomnia
1445 4861 1624 4930 mereston-
1642 4909 1644 4914 -
