3458 5454
697 286 872 359 HISTOR.
887 285 993 356 DAN.
1008 282 1147 354 Lusa
1161 280 1233 352 vu

705 496 761 568 Ad
775 494 853 568 ltaec
869 486 1035 566 Guritha:

646 616 792 714 fragili
809 615 1053 690 rnodcronnue
1070 638 1189 684 rerum

649 739 803 812 ,omittas
818 736 906 812 nubi
915 735 1094 836 pendulus
1112 733 1230 822 tune,

654 861 808 963 'trepida
826 860 972 932 lenitate
978 881 1206 960 pererrans;

654 983 859 1082 'licosoma
875 981 1049 1068 nolun'lis,
1069 1003 1219 1080 anceps,

650 1115 689 1180 V
685 1109 841 1208 crrir'sque
857 1103 1028 1177 relatibus
1051 1119 1155 1188 actu,

651 1231 806 1308 Dubium
821 1226 912 1300 nutu·
919 1241 1047 1327 pectus
1063 1222 1198 1296 inussit

656 1354 785 1426 'leucri
796 1350 857 1424 tibi
873 1349 1039 1450 tenuioris
1056 1371 1177 1418 annos

656 1474 789 1550 Gladio
797 1471 949 1576 periisse
962 1469 1125 1543 verebar.

585 1569 597 1602 l
655 1604 869 1670 Potcroume
885 1595 1045 1666 resistere
1064 1590 1144 1662 solo

656 1719 859 1794 Senioribus
875 1733 982 1818 utque
998 1712 1200 1813 magistris,

654 1841 921 1915 Prohibentidus
937 1841 1008 1912 ista
1022 1835 1169 1936 negari,

662 1964 904 2063 Tlrolunroque
922 1959 1144 2036 morientibus
1158 1959 1211 2030 uti
1218 1955 1237 2030 ,⁷

659 2093 783 2160 titnuet
796 2103 831 2158 ct
843 2093 881 2158 V
877 2110 967 2158 eous
982 2103 1016 2160 et
1032 2087 1135 2160 calor
1148 2084 1256 2170 idem,

656 2207 782 2282 Soccus
797 2207 858 2282 tibi
874 2234 1019 2310 parque
1022 2210 1194 2308 futurus,

659 2337 736 2406 Nee
750 2333 798 2405 ab
819 2331 945 2404 ordrire
962 2335 1107 2435 sponsio
1126 2330 1245 2416 cessit,

658 2453 786 2528 Aditus
797 2455 1118 2554 “ltobiturustdelea

462 2577 586 2670 Neque
606 2578 698 2648 enim
715 2577 788 2652 ulla
804 2576 923 2650 adhue
937 2594 971 2648 te
990 2576 1112 2652 fefellit
1127 2576 1330 2674 promissio,
1348 2593 1551 2669 quanquam
1565 2594 1616 2644 so-

334 2691 365 2762 ia
385 2693 583 2792 multiplicis
606 2698 762 2773 suadelae
777 2699 919 2774 consilia
938 2698 1134 2772 detrectare
1148 2723 1219 2770 non
1244 2719 1387 2793 possem
1406 2708 1441 2765 et
1471 2695 1505 2764 in
1526 2697 1617 2791 juga-

334 2813 375 2886 iis
397 2817 538 2914 copula¹
558 2828 761 2920 receptione
788 2824 928 2896 monitis
957 2821 1105 2894 obviare
1129 2820 1307 2894 censoriis.
1390 2814 1546 2888 Necdum
1568 2841 1615 2887 re-

333 2947 505 3034 sponsum
522 2947 622 3042 virgo
636 2945 839 3044 complebat
864 2961 897 3018 ct
926 2946 999 3040 jam
1016 2967 1190 3042 sponsum
1208 2937 1391 3022 Haldnuus
1407 2939 1502 3010 ferro
1519 2957 1616 3010 trans-

336 3059 505 3135 serberat.
564 3071 636 3140 Nee
653 3094 764 3140 unum
782 3069 1003 3166 oppressisse
1026 3082 1226 3154 contemne,
1254 3062 1440 3152 maximam
1466 3063 1616 3136 conviva·

335 3211 415 3255 rum
432 3205 565 3282 partem
583 3190 780 3264 obtruncat.
840 3193 879 3262 In
898 3215 1006 3286 quem
1030 3215 1142 3286 quum
1160 3191 1315 3260 Saxones
1338 3186 1459 3256 cessim
1476 3183 1619 3256 ebrietate

291 3371 295 3378 .
334 3303 512 3379 labantes¹
535 3312 724 3400 irruerent,
756 3309 1124 3409 asuper’veuientibus
1140 3312 1220 3408 ejus
1238 3306 1433 3396 vernaculis
1455 3305 1619 3394 uncfflanss

335 3446 402 3506 tur.
461 3433 523 3503 His
540 3433 647 3528 gestis
662 3433 813 3506 Guritha
835 3437 1005 3532 potitur-².
1074 3437 1190 3524 Quam
1214 3457 1328 3527 quum
1346 3429 1531 3502 sterilitatis
1554 3429 1621 3500 vitio

336 3553 525 3625 obnoxiam
542 3555 844 3646 animadverteret,
859 3557 1118 3652 maximamque
1139 3552 1249 3651 prolis
1264 3549 1427 3626 ereandae
1438 3549 1622 3650 cupidinem

311 3778 315 3785 ¹
335 3673 496 3766 baberet,
511 3676 737 3750 conciliandae
753 3683 786 3750 ei
804 3677 1043 3752 foecunditatis
1058 3677 1168 3774 gratia
1180 3673 1347 3772 Upsaiarn
1363 3676 1465 3772 petit3
1484 3699 1622 3772 respon·

337 3825 451 3896 soque
477 3801 639 3890 monitus,
653 3801 862 3874 suscitandae
883 3799 1018 3874 sobolis
1043 3825 1148 3874 causa
1168 3799 1328 3872 fraternis
1345 3799 1500 3894 primum
1523 3795 1621 3868 mani-

389 4123 524 4182 'tessun
553 4121 689 4182 ebrietate
717 4117 862 4200 laboratus]
891 4123 961 4182 Hoc
1014 4120 1133 4205 prelio,
1150 4121 1315 4180 r'teecssriu.
1353 4113 1519 4180 Martianus
1534 4111 1623 4195 Capti·

341 4238 397 4302 est,
416 4223 539 4288 incertis
562 4237 592 4286 et
606 4224 807 4290 titubantibus
829 4226 964 4310 vestigiis
1020 4224 1048 4288 la
1061 4222 1117 4284 lib.
1137 4225 1204 4286 vnl
1218 4245 1249 4308 p.
1260 4219 1338 4284 271:

340 4332 409 4418 pius
433 4329 659 4394 retrocedentes
679 4353 767 4416 quam
789 4330 964 4396 accedentes
1104 4329 1264 4412 Cesarinque
1276 4329 1479 4414 sonuidmues

338 4459 405 4524 prae
420 4434 511 4500 nimia
526 4435 681 4514 ebrietate,
702 4461 761 4523 qua
774 4423 876 4502 obruti
887 4436 963 4500 adeo
1103 4437 1216 4497 Ademit
1228 4437 1322 4518 pedes
1338 4453 1470 4498 tremore.
1491 4427 1538 4512 (S)

342 4556 444 4622 erant,
473 4555 508 4606 ut
532 4563 629 4628 neque
655 4564 709 4628 pes
735 4564 833 4628 neque
857 4564 962 4606 manus
1062 4531 1066 4538 ⁵

342 4670 428 4710 surim
441 4647 555 4714 iaceret
569 4648 717 4714 officium.
763 4655 834 4714 Hoc
850 4650 962 4714 etenim
1066 4651 1077 4683 ²
1097 4650 1157 4708 His
1172 4651 1264 4730 gesu's
1284 4649 1412 4712 Curicta
1426 4639 1552 4734 potitur]
1574 4635 1625 4702 Ob

343 4751 491 4838 significat
507 4760 604 4817 cesena
627 4758 743 4834 tabare3
770 4756 847 4818 sieut
871 4757 964 4819 iusti-
1019 4751 1206 4814 terrationes
1220 4752 1252 4831 in
1265 4753 1424 4818 historiam
1437 4747 1561 4814 Haidaoi
1578 4740 1625 4806 titi

345 4880 399 4919 nus
420 4858 471 4920 lib.
493 4863 516 4920 ΙΙ
546 4879 609 4946 cap.
635 4859 690 4924 12:
723 4867 796 4934 Vos,
816 4853 964 4944 conamine
1022 4858 1053 4920 in
1072 4869 1135 4922 not.
1155 4857 1237 4921 uber.
