3506 5458
697 319 873 390 GOlibiss.
1313 319 1385 396 ³71

130 524 298 602 inanibus
310 523 492 602 intulisse.
527 524 693 602 &eundo
708 551 857 626 qnoque
880 551 924 600 ac
939 527 1054 620 tertio,
1070 527 1223 628 parvula
1238 532 1358 628 quiete
1374 555 1439 604 re-

130 663 283 736 creatos,
306 655 489 748 pmpassis
503 648 589 724 slis²
617 651 691 724 aeri
714 675 754 724 se
774 649 987 738 credidisse,
1017 650 1236 748 tandemque
1267 653 1441 742 minorem

122 796 175 844 ex
193 768 249 844 bis
259 768 312 844 ad
324 795 363 844 se
377 775 506 870 munis
522 797 650 846 cruore
673 771 793 847 oblitis
809 775 938 848 comite
961 797 1118 846 vaenum
1143 797 1328 848 remeasse.
1387 777 1440 846 En

130 896 303 990 opinione
316 898 500 986 manitus,
527 910 566 968 ut
580 910 655 968 erat
672 918 798 966 somno
812 919 967 992 pressus,
993 894 1143 968 indicem
1167 898 1331 992 stuporis.
1344 919 1441 992 qne-

85 1103 92 1116 .
129 1031 228 1088 mum
239 1012 357 1096 edidit.
372 1039 416 1090 ac
430 1032 523 1090 totos
538 1032 685 1114 penates
700 1017 921 1090 tumultuoso
937 1016 1093 1090 clamore
1100 1017 1300 1116 complevit.
1325 1022 1444 1108 Quam

129 1135 415 1234 speculationem
430 1162 485 1228 eo,
499 1137 790 1236 permutantibus
813 1139 968 1232 famulis,
991 1139 1204 1236 explicante,
1230 1137 1363 1236 'l'hyra,
1381 1139 1440 1213 se-

131 1255 236 1330 lioern
251 1283 290 1332 se
305 1259 409 1356 prole
425 1259 588 1334 futuram.
597 1243 788 1333 autumans
794 1311 805 1351 ,
840 1263 973 1336 omissd
998 1259 1272 1334 differentiarum
1294 1263 1442 1356 nuptia-

130 1405 215 1454 rum
230 1387 429 1480 propusito,
448 1384 702 1472 castimoniam,
718 1407 829 1482 qoam
844 1383 975 1482 cupide
991 1399 1136 1482 precata
1153 1383 1279 1474 luerat,
1303 1378 1441 1454 aridius

128 1504 286 1597 remisit,
320 1503 604 1603 coelibatumque
630 1503 679 1578 ad
701 1529 866 1580 venerem
894 1507 1107 1580 transferens
1138 1531 1273 1606 sponso
1305 1517 1446 1604 gratmn

129 1625 262 1698 subuet
281 1623 458 1724 putieutlae
481 1631 623 1725 copiam
650 1627 791 1718 tribuit,
823 1629 1032 1702 continentis
1058 1630 1165 1700 animi
1189 1631 1351 1703 virtutem
1369 1621 1441 1696 ad-

123 1748 232 1835 missi
247 1747 458 1822 concubitus
473 1755 634 1824 satietate
652 1747 850 1847 pmsaudo,
865 1749 1026 1848 praefata,
1039 1752 1183 1858 mp‘uirne
1196 1755 1286 1858 seei
1299 1762 1440 1846 nuptu-

131 1895 212 1942 ram
239 1869 369 1962 fixisse,
389 1873 515 1946 nisiex
538 1869 594 1946 lais
615 1871 839 1946 adumbratae
866 1877 994 1972 quietis
1018 1869 1234 1975 imaginibus
1258 1878 1445 1946 certiorem

132 1989 374 2068 mundum
388 2017 465 2068 sure
481 1993 660 2088 monam
677 1993 863 2070 hausisset.
924 1999 1049 2094 ltaque
1066 2013 1105 2068 ut
1120 1996 1234 2085 vafro,
1260 1999 1306 2066 ita
1325 1992 1443 2066 inusi-

131 2130 205 2188 tate
221 2114 366 2188 (roffi
380 2113 558 2214 pudicitiae
572 2117 751 2193 simulatio
762 2121 800 2190 iu
810 2119 940 2190 luturm
955 2115 1068 2215 prolis
1081 2121 1295 2218 agnitionem
1311 2119 1442 2187 transi·-

134 2240 191 2312 vit.
215 2241 379 2312 Necsors
393 2238 598 2336 epimonem
615 2241 867 2339 ejusfrustrata
882 2253 944 2312 est.
969 2241 1072 2314 Brevi
1083 2241 1174 2312 enim
1183 2237 1327 2312 Haraldi
1338 2253 1448 2334 atquc

133 2363 263 2436 Canuti
282 2361 366 2434 lelix
380 2360 484 2458 prule
499 2377 609 2434 mater
618 2362 792 2459 apparuit.
819 2362 979 2454 Quicum
996 2360 1134 2434 virilem
1150 2365 1344 2460 attigissent
1353 2375 1444 2432 oeta-

133 2500 227 2571 tem,
251 2499 370 2558 exerta
393 2483 506 2558 classe
523 2482 727 2558 effrenatam
742 2483 953 2558 Sclavorum
975 2483 1195 2560 insolentiam
1220 2482 1447 2556 domuerunt.

134 2609 208 2678 Nec
223 2603 389 2704 xngltam
405 2603 552 2703 quidem
575 2607 771 2680 immunem
782 2605 830 2678 ab
845 2603 916 2678 hoc
928 2607 1127 2682 vexationis,
1139 2631 1269 2706 genere
1285 2604 1445 2702 relique-

135 2741 229 2800 runt.
281 2731 445 2820 Quorum
460 2727 682 2804 Edelradus²
701 2729 850 2828 ingeniis
865 2725 1059 2802 delectatus
1074 2727 1204 2800 illatam
1220 2753 1241 2800 a
1255 2725 1447 2826 nepotibus

136 2851 208 2924 vim
221 2847 412 2947 voluptatis
427 2849 508 2924 loco
516 2848 653 2942 hahuit,
669 2850 877 2948 amplissimi
890 2850 1056 2924 beneficii
1072 2852 1215 2924 nomine
1231 2851 1446 2922 teterrimam

135 2970 355 3070 amplexatus
371 2974 543 3045 iniuriam.
567 2972 679 3046 Multo
690 2974 781 3046 euim
798 2973 1096 3072 amplius'virtutis
1112 2974 1146 3042 iu
1163 2995 1288 3044 eorum
1299 2968 1447 3042 lortitu-

136 3091 220 3168 diue
251 3117 361 3193 quarn
381 3095 512 3192 pietate
534 3097 705 3195 reposuit
772 3094 930 3194 Ideoque
951 3095 998 3168 ab
1020 3093 1155 3170 intents
1182 3091 1307 3166 lacessi
1337 3115 1448 3189 quam

68 3269 72 3276 -
137 3216 186 3289 ab
214 3219 349 3316 ignavis
387 3215 457 3289 coli
486 3220 684 3316 speciosius
709 3217 828 3308 duxit,
870 3233 1040 3318 tanquam
1069 3243 1111 3292 ex
1141 3220 1223 3322 ipso
1255 3213 1448 3288 fortissimo

136 3339 267 3414 indolis
302 3339 428 3414 babitu
463 3342 620 3414 laturum
657 3340 830 3415 virilitatis
862 3365 990 3413 eorum
1016 3339 1197 3436 specimen
1235 3334 1449 3436 pervideret.

141 3467 221 3536 Non
237 3468 331 3536 enirn
346 3461 528 3561 ambigere
543 3463 670 3560 potuit,
696 3465 784 3561 quin
805 3477 922 3536 extera
940 3459 1161 3560 quandoque
1179 3463 1367 3558 impetituri
1385 3481 1448 3530 es-

138 3601 233 3676 seut,
269 3591 332 3683 qui
358 3601 515 3658 materna
531 3600 603 3657 tam
617 3583 786 3659 audacter
803 3585 989 3683 exigerent.
1049 3581 1151 3654 Adeo
1166 3599 1286 3654 autem
1300 3581 1450 3679 injurias

137 3705 260 3782 officiis
278 3713 488 3804 anteposuit,
523 3722 573 3798 ut,
589 3709 764 3806 praeterita
780 3705 888 3800 filia3,
906 3705 1070 3808 Angliam
1089 3703 1215 3779 iisdem
1243 3717 1451 3777 testamento

187 4041 366 4124 *Propassis
386 4033 455 4114 alc's]
475 4039 543 4098 Hoc
561 4048 607 4098 est
623 4035 765 4115 diductis,
826 4035 992 4122 stephanio
1022 4036 1142 4100 solitam
1168 4031 1298 4095 nominis
1320 4029 1451 4093 sormam

141 4141 280 4205 distentis
295 4153 385 4227 atque
401 4139 547 4224 expansis.
588 4139 639 4204 stc
652 4143 766 4226 Apule·
799 4131 803 4136 ⁵
824 4141 1049 4232 exprimendam
1071 4137 1238 4202 statuimus.

140 4247 190 4330 jus
204 4245 321 4310 Ftorid.
340 4269 371 4332 p.
389 4241 454 4310 818
462 4243 531 4308 edit.
545 4244 576 4306 lu
592 4267 635 4308 us.
652 4247 763 4330 Delph.
873 4241 1144 4330 ³Prcnernaſstm]
1156 4246 1203 4305 Ex
1222 4241 1301 4305 libro
1313 4244 1449 4330 sequenti

140 4357 211 4418 Ales
220 4358 373 4442 proposui
393 4357 522 4438 atr-eique
540 4357 645 4438 pronti
659 4359 767 4440 prata·
827 4366 921 4439 patet,
937 4373 1041 4438 regern
1050 4349 1237 4414 Edelrsdmn
1251 4347 1342 4412 etiam
1355 4347 1452 4409 lilium

142 4463 230 4522 bitur.
350 4479 352 4485 ’
702 4459 707 4472 ’
827 4479 862 4523 ex
876 4471 978 4523 mente
993 4458 1119 4520 Saxonis
1133 4457 1166 4518 in
1184 4453 1452 4519 testamentoscri·

187 4563 389 4644 ’mett-adn]
402 4561 459 4626 Ed.
474 4585 520 4648 pr.
544 4553 686 4626 hocloco
714 4563 767 4626 ba·
827 4563 929 4628 bendo
951 4564 1143 4648 praeteriisse.
1190 4557 1231 4624 Et
1246 4561 1304 4622 hoc
1325 4571 1356 4623 et
1377 4557 1451 4620 illud

142 4669 197 4734 bet
228 4673 428 4749 Edelrandus,
454 4669 518 4732 aliis
542 4689 616 4734 uero
636 4669 667 4731 in
691 4669 766 4732 locis
827 4690 914 4754 reque
931 4668 1050 4732 salsum.
1092 4667 1250 4762 Quaeritur
1265 4665 1375 4743 modo,
1392 4671 1452 4748 qua

142 4797 246 4863 regem
264 4775 584 4843 Hedelradumtobat.
620 4779 765 4840 Nassum
827 4775 944 4840 ratione
962 4777 1051 4854 Saxo,
1075 4775 1127 4860 qui
1148 4777 1178 4838 iu
1196 4772 1358 4855 linebujus
1381 4771 1452 4833 libri
