3446 5458
380 292 452 367 170
722 293 896 368 aaron.
913 293 1018 369 DAN.
1030 294 1170 372 traua
1186 300 1242 373 tv.

458 507 626 603 Cumque
642 503 867 580 Vermnndns
885 509 994 581 tetam
1013 511 1097 581 vitio
1118 507 1231 584 oculis
1254 507 1454 600 orbaretur,
1477 512 1625 602 &tonia

272 611 278 622 ¹
325 657 399 723 rex,
416 631 568 703 Daniam
591 625 686 699 duce
703 649 855 701 sacuam
879 644 987 721 ratus,
1003 632 1035 704 ei
1053 655 1121 728 per
1143 630 1278 732 legatos
1297 629 1453 720 mandat,
1471 655 1624 732 regnum

325 753 426 852 quod
440 765 572 851 praeter
585 753 696 824 aetatis
712 747 874 826 debitum
893 769 1021 844 teneat,
1045 753 1115 828 sibi
1134 753 1406 852 procurandum
1429 755 1624 840 combutta,

324 901 370 950 ne
385 879 488 950 nimis
506 875 613 980 longa
628 877 764 974 imperii
791 873 955 952 aviditate
972 877 1122 973 patriam
1148 876 1287 976 legibus
1312 879 1493 976 annisque
1515 873 1623 950 desti·

324 1004 432 1074 tuati.
486 997 642 1090 Qualiter
656 1001 751 1070 enim
767 1023 891 1096 regem
906 1005 1040 1072 cetrseri
1058 1023 1176 1098 posse,
1202 1001 1260 1074 cni
1278 1015 1442 1076 senectus
1463 1000 1624 1088 ammam,

323 1125 461 1196 caecitas
477 1119 625 1195 oculum
640 1124 719 1220 pari
734 1121 891 1220 caliginis
914 1120 1063 1195 lrorrore
1078 1121 1289 1196 fuscaverit?
1321 1121 1429 1216 Quod
1444 1125 1474 1195 si
1490 1120 1625 1208 abnuat,

323 1243 510 1342 liliumque
525 1242 669 1334 habeat,
684 1245 746 1342 qui
761 1269 845 1317 cum
859 1265 927 1316 suo
946 1269 989 1316 ex
1008 1246 1263 1342 provocatione
1277 1243 1470 1344 confligere
1491 1242 1624 1332 audeat,

324 1367 491 1440 victorem
507 1391 620 1465 regno
636 1371 738 1464 potiri
757 1369 942 1466 permittat
994 1368 1027 1437 Si
1043 1383 1209 1439 neutrum
1225 1366 1366 1466 probet,
1379 1371 1486 1442 aunis
1502 1391 1625 1454 seeum

322 1513 395 1561 non
410 1489 550 1560 monitis
566 1487 744 1588 agendum
757 1506 960 1589 cognoscat,
977 1505 1017 1562 nt
1031 1488 1174 1562 taudem
1194 1491 1325 1564 invitus
1339 1489 1511 1588 praebeat,
1533 1487 1624 1589 qnod

321 1612 504 1686 ultroneus
531 1609 698 1684 exhibere
722 1627 930 1685 contemnat.
998 1608 1055 1683 Ad
1077 1609 1156 1684 hace
1180 1611 1418 1694 vermandus,
1447 1609 1625 1690 altioribus

322 1739 484 1833 suspiriis
502 1732 644 1826 fractus,
671 1733 913 1831 impudentius
929 1759 969 1810 se
985 1736 1096 1809 aetatis
1112 1735 1385 1833 exprobratione
1407 1732 1553 1810 lacerari
1568 1757 1624 1804 re-

321 1855 478 1956 spondit,
499 1881 608 1956 quem
624 1880 696 1928 non
711 1855 793 1931 ideo
811 1855 885 1931 buo
903 1856 1111 1934 infelicitatis
1128 1873 1289 1956 senectus
1306 1861 1516 1966 provexerit,
1532 1851 1625 1954 qnod

320 2005 453 2080 pugnae
472 2003 603 2079 parcus
617 1977 774 2053 timidius
788 1981 971 2079 juventam
989 1987 1153 2082 exegerit
1213 1984 1284 2054 Nec
1299 1981 1416 2079 aptius
1430 1977 1500 2052 sibi
1524 1977 1624 2052 ond-

320 2109 400 2178 tatis
417 2104 541 2176 vitium
557 2101 752 2202 objectari,
777 2102 879 2201 quod
900 2103 1117 2204 plerumque
1133 2104 1239 2177 tdem
1262 2104 1372 2178 suus
1394 2101 1560 2176 habitam
1571 2117 1624 2172 ta·

320 2227 362 2302 lis
385 2228 521 2325 jactura
552 2231 725 2325 consequi
756 2224 886 2318 soleat,
921 2226 1115 2325 potiusque
1145 2223 1410 2301 condolendum
1443 2223 1624 2299 calamitati

319 2375 429 2449 quam
446 2345 687 2421 insultandum
713 2347 883 2422 videatur.
952 2351 1085 2422 Justius
1107 2365 1226 2422 autem
1241 2349 1400 2422 Saxomae
1415 2353 1490 2448 regi
1509 2348 1624 2445 impu*

318 2475 446 2546 tientiae
471 2485 591 2544 notam
617 2469 736 2543 aderri
762 2493 886 2569 posse,
913 2494 1024 2569 quem
1053 2474 1174 2572 potius
1202 2474 1295 2548 senis
1331 2471 1443 2546 fatum
1471 2469 1624 2569 oppetiti

318 2619 428 2694 quarn
443 2595 633 2692 imperium
645 2617 797 2692 poscere
811 2592 993 2688 decuisset,
1015 2593 1118 2695 quod
1130 2594 1310 2696 aliquanto
1323 2609 1468 2695 praestet
1490 2589 1623 2666 deibu-

318 2734 377 2792 cto
394 2716 582 2793 succedere
612 2741 723 2814 quarn
739 2716 861 2789 vivum
875 2715 1038 2814 spoliare.
1090 2723 1136 2792 Se
1152 2736 1282 2810 tamen,
1306 2741 1352 2792 ne
1371 2733 1542 2815 tanquam
1556 2712 1623 2786 de-

318 2840 404 2913 lirus
418 2843 541 2938 priscae
556 2839 724 2912 libertatis
741 2836 861 2912 titulos
877 2854 1021 2912 externo
1048 2839 1210 2920 videatur
1230 2841 1434 2938 mancipare
1457 2837 1624 2925 dominio,

316 2965 462 3062 propria
477 2987 585 3035 maun
602 2966 846 3060 pmvocationi
863 2961 1072 3059 pariturum.
1131 2959 1186 3034 ld
1211 2960 1291 3036 baec
1316 2961 1443 3062 legati,
1475 2961 1623 3036 scirem

317 3087 499 3184 inquiunt,
519 3107 643 3183 regern
664 3105 772 3156 snum
795 3080 1026 3157 conserente
1050 3105 1133 3157 cum
1157 3109 1259 3159 coeco
1279 3107 1407 3159 manus
1429 3081 1623 3157 ludibrium

317 3205 540 3305 perhorrere,
566 3204 668 3304 qnod
681 3221 755 3280 tam
769 3203 960 3278 ridiculum
985 3203 1198 3279 decernendi
1222 3229 1336 3308 genus
1364 3205 1493 3283 rubori
1513 3227 1622 3304 φιαω

315 3329 487 3402 honestati
510 3329 748 3428 propinquius
770 3325 955 3401 habeatur.
1008 3333 1135 3427 Aptius
1156 3353 1243 3402 rero
1266 3351 1332 3426 per
1354 3331 1543 3426 uniusque
1563 3327 1621 3426 pi·

315 3475 407 3550 gnus
423 3465 457 3522 et
470 3453 679 3551 sauguinem
695 3450 883 3524 amborum
900 3451 1045 3552 negotio
1064 3447 1212 3526 consuli.
1273 3447 1329 3523 Ad
1345 3449 1426 3524 bec
1442 3449 1621 3546 obstupe·

315 3573 414 3646 sactis
432 3575 550 3647 auimo
573 3576 683 3648 Dacis
708 3573 899 3672 subitaque
920 3574 1081 3671 responsi
1101 3575 1297 3674 ignorantia
1320 3570 1514 3671 perculsis,
1535 3567 1621 3660 offo,

315 3697 378 3795 qni
395 3695 485 3769 forte
498 3721 580 3768 cum
597 3698 732 3769 caeteris
749 3693 884 3788 aderat,
900 3699 1140 3794 responsionis
1157 3722 1178 3770 a
1200 3712 1304 3795 patre
1319 3693 1497 3771 licentiam
1517 3691 1620 3792 flagi-

313 3818 421 3910 tabat,
438 3816 629 3916 subitoque
642 3815 740 3890 velut
751 3843 794 3892 ex
808 3835 910 3891 muto
924 3818 1059 3893 vocalis
1082 3821 1202 3893 evasit.
1263 3819 1429 3916 Cumque
1443 3817 1619 3890 Vermnn-

312 3939 399 4031 dus,
421 3944 587 4039 quisnam
603 3923 748 4013 talem'a
762 3963 801 4036 se
821 3940 996 4039 loquendi
1012 3941 1153 4040 copiam
1181 3938 1397 4040 postrdaret,
1424 3941 1620 4038 inquireret,

312 4065 532 4162 ministrique
550 4087 634 4135 eum
659 4061 706 4134 ab
723 4061 849 4136 Uffone
869 4069 988 4165 rogari
1011 4061 1198 4154 dixissent,
1225 4065 1308 4136 satis
1330 4085 1406 4135 esse
1431 4059 1618 4160 perbibuit,

311 4203 351 4259 ut
368 4185 577 4260 infelicitatis
594 4205 669 4258 snae
684 4183 889 4260 vulneribus
910 4187 1108 4261 alienorum
1123 4186 1235 4260 fastus
1251 4183 1435 4276 illuderet,
1459 4209 1505 4258 nc
1517 4185 1618 4258 etiam

309 4306 548 4382 adomesticis
564 4306 668 4382 simili
682 4307 914 4386 insultationis
929 4307 1123 4410 petulantia
1141 4325 1340 4384 vexaretur.
1396 4307 1471 4394 Sed
1485 4302 1617 4382 satelli-

310 4429 585 4520 inuentorem
601 4427 699 4506 hunc
713 4434 974 4530 esss,pertinaci
989 4432 1222 4508 nliirrrratione
1234 4419 1454 4526 testantibus,
1469 4413 1617 4510 liberam
1706 4499 1707 4520 ,

604 4589 606 4594 .
779 4593 781 4596 .
839 4593 842 4600 ,
1706 4545 1707 4586 l

345 4720 601 4824 '¹Dsstaiuat]1ta
621 4721 742 4810 scripsit
753 4721 935 4812 stephanius
994 4745 1052 4812 pro
1076 4726 1208 4819 deficiat,
1233 4723 1319 4826 quod
1342 4725 1465 4812 quidem
1492 4715 1615 4790 tambu-

993 4831 1057 4896 luta
1071 4832 1169 4898 mium
1185 4843 1291 4918 aptum
1305 4829 1398 4898 babet
1416 4829 1474 4898 Ed.
1494 4851 1538 4916 pr.
