3548 5470
733 333 931 406 tritomo.
1385 331 1431 408 67

174 542 325 644 guidam
349 560 392 616 ac
416 547 601 616 remissam
628 544 871 618 defensionem
894 545 977 640 egit,
1004 557 1052 632 ut,
1075 539 1239 617 hostibus
1266 530 1484 644 irrumpendi

173 643 353 764 potestate
371 665 475 754 laem,
500 669 592 738 inter
607 666 708 741 lusus
724 691 766 739 ac
786 671 857 738 otia
873 677 1071 737 necaretur.
1226 671 1230 684 “

279 786 381 860 Urbe
395 803 512 886 capta,
520 787 669 880 Frotho,
683 814 749 887 spe
765 788 917 860 Orientis
935 790 1125 884 imperium
1134 785 1376 886 complexus¹,
1390 763 1487 863 llan-

172 909 333 984 duvani²
359 911 542 984 moenibus
564 909 787 984 admovetur.
847 913 914 1004 Qui
930 908 1114 1009 quondam
1136 907 1316 984 succfflsae
1333 937 1401 1010 per
1415 915 1488 984 Ha-

173 1031 328 1132 dingum
343 1032 444 1115 urbis
458 1032 674 1126 admonitus,
701 1048 849 1108 cunctos
871 1033 949 1132 ejus
966 1049 1114 1131 penates
1141 1032 1344 1106 domesticis
1359 1032 1488 1107 avibus

174 1151 387 1244 vacuefecit,
412 1161 620 1252 quominus
637 1155 760 1228 similis
774 1157 922 1254 jacturae
937 1155 1099 1254 periculo
1119 1155 1361 1230 mulctaretur.
1415 1159 1487 1229 Nec

172 1297 275 1349 nova
288 1267 460 1349 Frotlroni
481 1277 656 1351 calliditas
677 1276 799 1350 deluit
861 1279 1005 1377 Quippe
1021 1295 1222 1377 permutata
1240 1303 1323 1350 cum
1340 1277 1488 1351 ancillu-

170 1397 224 1471 lis
240 1413 355 1486 veste,
379 1401 531 1497 peritam
550 1425 589 1474 se
609 1398 795 1499 pugnandi
812 1399 972 1498 puellam
994 1401 1153 1493 simulat,
1179 1385 1418 1500 depositoque
1435 1405 1488 1474 vi-

175 1521 238 1594 rili
255 1521 364 1612 cultu,
392 1519 598 1598 laemineum
615 1521 822 1614 aemulatus,
858 1523 1051 1624 transfugae
1069 1522 1172 1597 titulo
1191 1521 1367 1622 oppidum
1390 1527 1486 1622 petit.

173 1643 257 1717 Illic
271 1643 438 1729 omnibus
455 1650 631 1719 curiosius
645 1644 850 1744 exploratio,
873 1645 1046 1745 postridie
1063 1649 1193 1719 emisso
1211 1651 1340 1719 comite
1356 1649 1488 1718 exerci-

173 1784 259 1840 tum
276 1772 388 1842 muris
404 1767 514 1842 affore
528 1763 643 1868 jubet,
669 1785 867 1869 portasque
890 1792 954 1842 sua
980 1767 1190 1870 pendendas
1213 1793 1324 1868 opera
1343 1767 1488 1867 pollice·

174 1906 250 1962 tarr.
300 1889 436 1963 Taliter
448 1888 557 1966 elusis
572 1890 741 1990 vigilibus
755 1891 845 1965 urbs
860 1916 988 1964 somno
1004 1890 1144 1990 sepulta
1159 1889 1359 1990 diripitur³‚
1385 1915 1486 1966 secu·

175 2013 292 2085 nitatis
312 2035 441 2111 poenas
462 2015 603 2088 interitu
630 2012 745 2104 luens,
770 2012 982 2114 desidiaque
1017 2040 1082 2088 sua
1116 2039 1225 2115 quam
1242 2013 1400 2088 hostium
1417 2016 1486 2088 vir·

177 2149 257 2208 tute
275 2137 447 2211 miserior.
508 2134 603 2210 Nihil
622 2137 716 2210 enim
739 2143 775 2209 in
797 2161 839 2210 re
861 2135 1004 2211 militari
1019 2139 1251 2236 perniciosius
1266 2135 1487 2212 animadver-

176 2257 278 2350 titur,
303 2283 412 2358 quam
430 2285 497 2358 per
521 2261 634 2332 otium
655 2273 756 2334 metu
771 2283 928 2336 vacuum
954 2259 1080 2334 solutis
1112 2258 1356 2359 neglectisque
1378 2258 1488 2332 rebus

176 2380 291 2452 nimia
309 2379 450 2454 fiduciae
476 2385 758 2481 praesumptione
780 2399 994 2482 torpescere.
1054 2379 1298 2455 Handuvanus
1324 2407 1407 2454 cum
1423 2406 1489 2479 pa-

176 2506 259 2575 triae
281 2527 340 2576 res
365 2502 523 2601 perditas
547 2529 764 2604 eversosque
790 2506 1030 2604 conspiceret,
1086 2509 1201 2604 regias
1223 2528 1312 2601 opes
1334 2501 1488 2578 navibus

177 2630 377 2724 impositas,
401 2643 442 2698 ut
458 2625 574 2701 undas
590 2631 713 2726 potius
731 2651 840 2726 quarn
848 2623 995 2700 llostem
1011 2625 1149 2718 ditaret,
1173 2631 1209 2698 in
1224 2625 1335 2697 altum
1351 2623 1489 2697 demer-

177 2752 251 2841 sit3
274 2773 484 2848 quanquam
498 2754 608 2824 satius
622 2749 741 2823 suerat
761 2749 1045 2825 adversariorum
1065 2747 1225 2824 favorem
1242 2751 1405 2846 pecuniae
1420 2745 1491 2818 lar·

178 2870 379 2970 gitionibus
403 2897 602 2972 occupare,
628 2899 740 2974 quam
765 2873 844 2972 ejus
864 2871 1096 2947 commodum
1120 2869 1342 2945 mortalitatis
1362 2868 1489 2944 usibus

178 2991 354 3096 invidere.
412 2998 497 3068 Post
510 2993 591 3069 haec
610 2993 791 3068 Frotltone
811 2991 922 3068 liliam
938 2997 976 3067 in
992 2993 1257 3069 matrimonium
1272 3019 1339 3093 per
1354 2993 1489 3092 legatos

178 3131 367 3212 poscente,
393 3116 594 3192 cauendum
613 3115 810 3216 respondit,
835 3142 881 3191 ne
898 3143 1020 3191 rerum
1036 3121 1273 3216 prosperitate
1301 3129 1490 3215 corruptus

178 3237 344 3310 victoriae
358 3261 567 3314 successum
589 3243 625 3312 in
647 3239 856 3339 superbiam
870 3255 1003 3334 vertat;
1025 3237 1089 3313 scd
1103 3241 1222 3338 potius
1245 3240 1347 3312 victis
1363 3263 1490 3337 parce·
1601 3255 1608 3272 ·

179 3347 281 3434 rect
297 3366 333 3432 in
346 3359 572 3460 dejectorum
596 3361 800 3436 conditione
825 3365 1013 3462 pristinum
1032 3360 1182 3461 fulgoris
1199 3359 1364 3435 habitum
1384 3386 1491 3435 veno

179 3484 259 3556 rari
284 3488 501 3579 meminerit,
526 3485 713 3586 discatque
736 3490 772 3558 in
798 3489 1012 3560 miserorum
1032 3497 1128 3559 sorte
1156 3489 1372 3582 praeteritam
1398 3487 1491 3558 aesti-

180 3631 287 3680 mare
301 3606 492 3682 fortunam.
541 3607 749 3698 Curandum
767 3613 898 3708 itaque,
921 3631 978 3700 ne,
996 3609 1101 3706 cujus
1118 3605 1324 3680 affinitatem
1341 3623 1491 3705 expetat,

180 3731 380 3827 imperium
402 3729 529 3828 rapiat,
562 3745 608 3821 et,
626 3751 737 3832 quem
758 3732 892 3830 nuptiis
907 3730 1085 3804 illustrare
1104 3733 1241 3830 gestiat,
1266 3728 1491 3803 obscuritatis

236 4049 314 4134 ¹Spe
332 4054 453 4114 ort'entis
470 4053 618 4134 inperium
634 4045 812 4136 conspicatae]
867 4049 933 4113 aine
948 4045 1172 4110 dubio-addidit
1183 4045 1298 4108 litteras
1313 4049 1349 4105 H
1361 4045 1447 4114 Μ’,
1458 4049 1491 4102 t'tt

180 4152 351 4220 Oricum
381 4153 528 4239 matttgn
561 4155 642 4219 Saxo
671 4153 813 4239 regiones
870 4154 928 4218 sibi
941 4151 1229 4236 comtarencriptio
1244 4149 1375 4212 nonirtis
1388 4147 1491 4230 jamin

182 4255 235 4322 nd
246 4259 351 4322 littora
365 4259 524 4324 orientalia
537 4261 628 4323 nmio
644 4259 757 4324 Baitioi
774 4260 815 4322 ai·
869 4263 972 4347 primo
987 4259 1069 4323 libro
1079 4256 1273 4322 occurentis

181 4379 248 4442 tn,
263 4382 338 4448 qm
349 4365 460 4429 lelandi
468 4368 650 4452 Ammg,
664 4378 816 4430 mutet
920 4369 1019 4431 'Urbs
1029 4356 1406 4450 somnosepaltadiripitar]
1419 4359 1493 4420 ntu-

181 4456 347 4536 iiuuuutt
361 4469 511 4536 samu
837 4480 838 4483 ¹
872 4487 922 4540 se
943 4473 994 4535 nc
1020 4468 1148 4532 imitatio
1172 4466 1348 4552 virgiliana.
1405 4463 1492 4528 mio

236 4578 457 4658 mondum]
477 4585 548 4643 Hoc
566 4579 635 4642 loeo
657 4589 689 4640 et
710 4578 814 4661 paullo
874 4580 954 4644 enim
977 4574 1094 4640 AEneitl.
1109 4579 1152 4652 ll,
1175 4569 1254 4636 265:
1272 4573 1419 4634 Incedunt
1443 4592 1492 4632 ur-

179 4679 273 4746 'nfra
286 4682 382 4747 editis
401 4686 545 4771 princeps
565 4685 657 4748 habet
678 4685 820 4746 Andoant
874 4690 932 4748 bern
948 4705 1046 4748 somno
1058 4687 1179 4766 cinoque
1191 4683 1340 4768 sepultam.
1380 4675 1432 4758 (S)

181 4802 220 4854 et
241 4793 440 4864 mam,
464 4793 516 4855 sed
536 4791 718 4879 stephanius
734 4801 816 4852 recte

1227 4892 1300 4983 (5')
