3548 5470
334 308 385 382 40
670 307 847 380 HISTOR.
869 309 975 382 DAN.
1000 305 1138 378 LIBER
1162 307 1188 376 1.

283 526 378 596 nitus
399 543 587 620 pererrare
604 532 808 617 conspecta.
868 523 950 612 Quo
965 534 1129 592 monstro
1154 521 1300 592 territus
1317 513 1506 616 Hadingus
1532 541 1601 589 nu-

285 649 381 718 tricis
405 666 515 741 opem
533 642 712 742 implorat.
764 644 868 714 Tunc
885 638 1114 739 Harthgrepa
1122 657 1220 714 artus
1237 637 1419 736 explicans
1436 665 1479 710 ac
1497 663 1600 736 mag·

285 793 334 841 no
352 792 392 840 se
406 782 554 864 turgore
570 763 793 856 distendens,
827 789 975 838 mnium
991 767 1123 838 arctius
1138 761 1438 860 comprehensam
1454 759 1601 834 alumno

285 888 443 988 praebuit
458 885 750 962 abscindendam.
810 889 864 958 Ex
886 890 992 986 cujus
1009 889 1199 960 teterrimis
1222 884 1435 958 vulneribus
1452 884 1535 983 plus
1550 901 1603 956 aa·

286 1012 327 1086 bi
348 1035 460 1110 quam
483 1011 620 1085 cruoris
652 1011 819 1084 manavit.
875 1010 990 1108 Cujus
1022 1008 1105 1082 facti
1130 1004 1364 1106 postmodum
1389 1007 1437 1078 ab
1454 1008 1603 1104 originis

287 1111 362 1207 suae
379 1130 607 1207 consortibus
631 1130 762 1206 laniata
784 1155 914 1230 poenas
935 1129 1128 1229 pependit3
1160 1153 1281 1227 neque
1303 1128 1353 1202 illi
1378 1147 1439 1203 aut
1465 1146 1603 1202 naturae

289 1253 444 1330 conditio
479 1270 540 1327 aut
560 1255 725 1352 corporis
739 1250 972 1351 magnitudo,
1007 1277 1084 1352 quo
1113 1256 1233 1326 minus
1267 1251 1419 1345 infestos
1442 1251 1603 1326 hostium

288 1403 426 1475 ungues
451 1381 683 1475 experiretur,
709 1373 884 1473 opitulata
910 1389 972 1448 est.

291 1483 294 1496 ’
392 1497 592 1599 spoliatum
605 1503 743 1572 nutrice
758 1496 965 1598 Hadingum
986 1495 1203 1596 grandaevus
1223 1498 1316 1572 sorte
1330 1495 1491 1596 quidam,
1509 1495 1603 1596 ‚alte-

289 1645 331 1694 ro
346 1621 460 1694 orbus
474 1619 620 1712 oculo¹‚
645 1619 844 1692 solitarium
867 1626 1066 1713 miseratus,
1091 1622 1217 1698 Lisero
1240 1619 1384 1695 cuidam
1401 1626 1524 1718 piratae
1542 1645 1604 1692 so·

289 1743 384 1816 lenni
407 1744 584 1841 pactionis
612 1744 694 1840 jure
715 1743 889 1816 conciliat.
955 1743 1139 1843 Siquidem
1163 1746 1266 1818 icturi
1294 1742 1417 1818 foedus
1439 1749 1599 1817 veteros²

290 1867 440 1964 vestigia
456 1889 522 1940 sua
537 1867 651 1938 mutui
674 1865 855 1964 sanguinis
873 1872 1079 1965 aspersione
1095 1866 1314 1965 perfundere
1330 1881 1603 1957 consueverant,

289 1992 522 2062 amicitiarum
551 1988 685 2099 pignus
707 1983 833 2060 alterni
863 1989 1001 2062 cruoris
1023 1992 1241 2062 commercio
1268 1989 1452 2062 firmaturi.
1519 1993 1602 2081 Quo

290 2126 398 2209 pacto
412 2110 557 2184 Liserus
573 2125 608 2180 et
623 2107 810 2208 Hadingus
828 2115 1031 2184 arctissimis
1060 2115 1238 2185 societatis
1259 2111 1413 2186 vinculis
1438 2109 1597 2210 colligati

289 2231 446 2320 nokero,
470 2233 641 2304 Curetum
654 2235 843 2330 tyranno³,
866 2232 1006 2306 bellum
1030 2232 1254 2308 denunciant.
1286 2232 1428 2325 Quibus
1450 2259 1602 2332 supera-

291 2355 354 2428 tis*
381 2352 575 2454 fugientem
588 2351 797 2453 Hadingum
811 2354 1006 2454 praedictus
1022 2381 1130 2430 senex
1153 2356 1201 2429 ad
1221 2373 1370 2454 penates
1395 2380 1481 2428 suos
1504 2381 1601 2453 equo

281 2473 545 2573 devehendum
559 2478 708 2567 curavit,
728 2478 852 2578 ibique
869 2483 1087 2552 svavtssimae
1103 2475 1295 2577 cujusdam
1315 2482 1472 2575 potionis
1492 2478 1602 2549 bene·

289 2599 373 2672 ficio
396 2615 598 2672 recreatum
621 2602 793 2698 vegetiori
812 2607 974 2698 corporis
1007 2600 1172 2674 firmitate
1200 2616 1446 2698 constaturam
1471 2598 1602 2698 praedi·

290 2725 349 2796 xit.
402 2723 515 2820 Cujus
530 2727 670 2821 augurii
686 2723 863 2795 monitum
876 2721 1085 2821 hujusmodi
1101 2730 1258 2794 carmine
1273 2721 1459 2820 probavit:

422 2849 521 2922 Hinc
538 2867 571 2922 te
586 2851 785 2925 tendentem
797 2877 946 2952 gressus
953 2853 1158 2955 profugum
1173 2868 1279 2925 ratus
1291 2851 1402 2926 hostis

423 2983 585 3076 Imperet,
600 2990 640 3046 ut
659 2990 778 3048 teneat
790 2975 921 3047 arbelis
932 2975 1137 3076 succisque
1145 2974 1307 3072 ferriace'

425 3097 584 3195 Objectet
594 3098 862 3199 deposcendum
879 3100 1099 3172 marcidus:
1118 3115 1171 3170 *at
1189 3111 1227 3168 tu

425 3219 595 3292 Custodes
613 3222 732 3294 carris
751 3249 871 3295 rerum
885 3221 1100 3294 narratibus
1112 3220 1244 3321 ripple,-

425 3344 582 3442 Cumque
606 3368 714 3445 sopor
729 3345 1043 3447 dapibusfunctos
1059 3343 1239 3444 exceperit
1256 3345 1368 3435 altor,

423 3464 578 3562 Injcetos
594 3491 711 3539 nexus
725 3483 761 3540 et
779 3467 931 3538 vincula
945 3466 1028 3538 dira
1044 3465 1164 3538 relide.

422 3586 514 3658 Inde
522 3590 654 3690 perlem
669 3591 847 3690 refierens,
873 3590 987 3664 ubire
1001 3615 1106 3662 mora
1118 3590 1443 3692 paruulasundrt,

424 3707 571 3785 Viribus
592 3717 628 3788 in
644 3713 815 3816 ruptilem
831 3711 913 3787 torri
929 3737 1082 3813 assurge
1097 3714 1249 3802 leonem,

290 4027 385 4108 cisus3
399 4029 567 4098 Marcianus
583 4031 706 4114 Capella
716 4030 769 4094 lib.
781 4033 821 4092 lll
828 4051 859 4113 p.
870 4025 912 4090 59
973 4031 1098 4090 Curetes
1112 4025 1225 4110 passim
1242 4025 1386 4112 indigitat
1398 4031 1536 4093 livoniae
1549 4053 1600 4094 ao-

290 4137 387 4196 densis
401 4137 569 4199 obumbrata
586 4139 750 4200 ramalibus.
773 4133 821 4218 (S)
972 4135 1064 4211 colas,
1085 4155 1162 4217 qnos
1175 4153 1255 4195 nunc
1269 4133 1438 4197 Curlairdos
1462 4135 1597 4220 (licinius.

336 4243 538 4305 ¹Grandoeuus
556 4243 645 4328 sorte
667 4245 798 4326 quidum,
819 4245 911 4304 attero
972 4237 1598 4321 (s)Decuretibusvid.nocebo-,Lmen

290 4349 376 4407 orbus
389 4344 484 4426 oculo]
498 4347 677 4428 De-habita,
701 4367 762 4432 quo
778 4346 910 4412 Othinue
973 4366 1085 4408 nomen
1096 4367 1181 4430 aeque
1193 4363 1229 4408 ac
1240 4345 1435 4430 Liseriplane
1448 4347 1597 4432 ignotum.
1670 4421 1685 4436 ,

291 4448 462 4516 hominibus
474 4455 650 4539 apparuisse
675 4465 827 4531 narratur,
851 4449 912 4514 vid.
976 4452 1123 4515 Nonnulli
1135 4453 1335 4537 suspicantur,
1347 4455 1471 4517 nomine
1484 4454 1597 4518 Loleri

269 4571 272 4580 ’
291 4565 354 4614 not.
374 4553 425 4616 ub.
970 4557 1126 4643 indigitari
1143 4563 1272 4628 Lolium
1286 4565 1354 4627 Asis
1370 4561 1538 4624 inimicum.

335 4663 558 4745 ²lcturisoedus
571 4663 695 4746 veteres]
709 4669 756 4728 De
769 4663 829 4726 hoc
845 4659 911 4726 loe·
1017 4672 1029 4703 ⁴
1045 4669 1156 4752 Quibus
1179 4668 1338 4758 superatis]
1354 4669 1460 4732 Lisero
1482 4683 1513 4731 et
1532 4675 1596 4732 lla-

290 4753 371 4828 deris'
389 4762 517 4829 feriendi
532 4770 593 4832 ritu
617 4769 677 4836 vid.
695 4783 758 4833 not.
772 4769 822 4832 ub.
972 4770 1074 4858 dirigo,
1096 4797 1172 4858 quos
1192 4777 1328 4839 Lolerus
1344 4775 1459 4838 bellum
1472 4774 1530 4838 sibi
1548 4777 1595 4840 in-

337 4873 468 4934 ’Lolcro
497 4877 633 4938 Curetum
660 4875 802 4956 tyranno]
833 4877 910 4938 Saxo
972 4877 1103 4942 satelltes
1122 4879 1250 4944 dctlcli.
