3446 5458
642 349 903 424 rttorttottt
1007 343 1098 416 '.
1266 287 1373 424 1213

120 557 198 660 iuga
222 581 317 658 opus
340 581 417 634 esse
433 563 617 658 proponit,
642 583 822 661 perquam
847 559 933 636 utile
958 559 1127 654 referens,
1149 557 1259 634 rebus
1281 562 1428 664 integris

119 677 280 754 incolumi
297 679 414 756 redire
429 707 540 758 curru
554 686 583 757 ¹.
633 685 715 778 Qua
732 685 860 758 comite
868 681 965 756 littus
979 684 1174 784 ingressus,
1192 679 1344 756 classem
1362 708 1428 758 re-

118 805 207 904 giam
222 802 293 876 illic
308 801 398 878 iorte
416 803 646 899 subductam,
660 805 793 880 diffissa
805 805 957 882 laterum
972 819 1077 904 parte
1090 809 1122 894 ²,
1138 805 1351 904 navigationi
1366 805 1428 876 in-

117 923 271 999 habilem
289 924 452 1020 reddidit,
479 931 690 1029 insertisque
705 954 848 1004 rursum
872 923 1059 1004 asserculis
1074 929 1187 1019 sarsit,
1215 955 1291 1027 quo
1310 933 1429 1002 minus

117 1045 159 1120 ab
181 1049 403 1138 intuentibus
419 1049 519 1126 laesio
535 1070 748 1128 nosceretur.
802 1050 945 1126 Deinde
972 1055 1175 1150 navigium,
1197 1075 1273 1150 quo
1296 1073 1336 1126 se
1357 1075 1429 1124 oo-

117 1170 288 1269 mitesque
307 1192 500 1272 receperat,
523 1175 624 1252 haud
643 1174 773 1276 procul
787 1173 903 1250 littore
921 1171 1055 1272 depelli
1072 1189 1183 1248 curat
1233 1177 1350 1268 Quem
1367 1197 1429 1248 rex
1483 1245 1485 1252 .

115 1291 271 1367 laceratis
286 1297 424 1396 insequi
441 1299 595 1374 navibus
612 1323 757 1400 parans,
772 1322 857 1372 mox
871 1297 982 1371 fluctu
999 1294 1100 1372 soros
1113 1311 1289 1395 aequante,
1304 1321 1429 1395 quan-

117 1440 225 1513 quam
248 1423 357 1492 armis
373 1418 572 1496 admodum
595 1439 745 1496 onustus
764 1423 936 1514 existeret,
964 1442 1072 1491 enare
1089 1419 1178 1492 iuter
1202 1417 1291 1494 alios
1314 1424 1431 1519 caepit,

116 1543 267 1639 propriae
292 1540 414 1617 salutis
436 1544 622 1620 servandoe
647 1570 759 1644 quam
788 1542 912 1616 alienae
937 1540 1155 1616 lacessendae
1178 1539 1345 1641 cupidior
1368 1541 1428 1614 ef-

44 1749 49 1764 ,
116 1661 239 1738 iectus.
291 1669 520 1766 Praecipitotis
532 1673 568 1741 iu
585 1665 695 1740 altum
707 1669 835 1764 proris,
850 1663 1000 1740 sedibus
1013 1667 1087 1736 suis
1095 1670 1246 1766 remiges
1260 1682 1429 1766 stagnans

116 1785 304 1860 introrsum
331 1804 437 1864 aestus
465 1793 625 1866 excussit.
691 1793 774 1883 Quo
804 1787 971 1864 Rollerus
1004 1789 1204 1888 Ericusque
1225 1806 1431 1889 conspecto,

117 1932 195 1980 eum
219 1927 428 2012 contemptu
450 1914 603 2012 periculi
622 1917 868 1988 incunctanter
892 1935 931 1986 se
945 1910 1131 2012 profundo
1156 1911 1299 2006 dedere,
1321 1929 1430 1986 nata-

115 2029 304 2132 bundique
324 2033 552 2110 fluctuantem
584 2062 756 2136 excepere
774 2062 908 2137 regem.
957 2038 1112 2134 Jamque
1136 2061 1218 2111 eum
1238 2035 1430 2136 superfusa

116 2169 165 2225 ter
182 2154 282 2230 unda
303 2157 508 2254 subruerat,
533 2185 645 2260 quum
671 2161 795 2233 Ericus
815 2164 960 2233 caesarie
980 2156 1282 2257 comprehensum
1300 2158 1432 2260 pelago

118 2275 219 2352 levat.
274 2283 412 2356 Cetera
427 2283 687 2384 naufragorum
703 2283 808 2357 turba
828 2297 890 2354 aut
905 2281 1010 2379 aquis
1030 2279 1163 2354 obruta
1181 2299 1243 2356 aut
1260 2279 1432 2383 aegrelit-

115 2406 177 2473 tori
194 2405 354 2478 restituta
370 2422 431 2478 est.
481 2408 569 2497 Rex,
583 2403 735 2478 humido
751 2401 907 2478 nudatus
918 2401 1028 2496 cultu,
1057 2406 1151 2478 sicca
1170 2405 1429 2480 circumactua³

114 2539 209 2598 reste
226 2529 432 2626 contegitur.
483 2529 620 2604 Multus
634 2528 682 2602 illi
702 2528 753 2601 ab'
769 2551 832 2599 ore
848 2523 971 2626 liquor
987 2523 1115 2598 crebra
1131 2533 1288 2625 pectoris
1304 2541 1432 2600 ructa-

115 2649 208 2720 tione
224 2647 403 2722 manabat.
443 2649 521 2732 Vox
536 2676 686 2750 qnoque
698 2675 781 2726 enm
796 2650 972 2722 coutinuis
986 2637 1117 2721 lassata
1129 2647 1347 2748 singultibus
1358 2646 1432 2722 de-

113 2765 221 2842 ficere
238 2769 437 2846 ridebatur.
491 2771 651 2847 Tandem
673 2771 833 2848 redditus
857 2770 956 2848 calor
971 2770 1105 2870 frigore
1127 2765 1315 2846 hebetatos
1335 2788 1432 2846 artos
1551 2827 1557 2841 ,

113 2892 242 2988 spiritu
257 2901 435 2996 uegetiore
450 2895 628 2972 firmabat.
679 2895 848 2971 Recidere
866 2893 1056 2996 siquidem,
1073 2918 1140 2968 uec
1155 2917 1433 2996 assurgerepo-

113 3026 210 3105 terat,
224 3012 326 3090 haud
339 3021 436 3118 juste
454 3023 590 3102 ‚virium
607 3044 768 3118 compos.
793 3017 968 3092 Paulatim
985 3019 1123 3117 pristini
1140 3016 1284 3092 roboris
1296 3034 1433 3118 poten-

113 3135 159 3208 tia
181 3137 303 3212 subiit.
355 3143 596 3244 Interrogatus
616 3143 780 3232 tandem,
797 3167 843 3214 an
872 3142 982 3215 vitam
995 3165 1197 3251 pacemque
1212 3137 1436 3241 deposceret,

113 3256 257 3335 admota
280 3259 395 3338 oculis
414 3289 537 3357 manu,
551 3264 727 3366 dejectam
742 3265 921 3340 luminum
937 3269 1050 3339 aciem
1067 3264 1230 3339 attollere
1246 3264 1434 3340 nitebatur.

265 3389 308 3458 dt
326 3385 388 3459 ubi
411 3391 543 3463 senaim
566 3390 710 3489 corpori
733 3393 845 3466 virtus
871 3385 1011 3462 reddita
1031 3390 1113 3462 est⁴
1140 3403 1174 3461 et
1196 3389 1278 3463 roci
1300 3387 1434 3463 fiducia

160 3613 328 3694 'Perquam
339 3614 559 3700 uttierefirrm,
578 3617 660 3680 rebar
670 3620 743 3679 aitte·
856 3617 920 3678 *Ae
932 3616 982 3676 ubi
995 3616 1100 3701 scottia
1121 3619 1242 3702 corpori
1257 3619 1352 3679 virtus
1371 3613 1436 3678 red·

111 3720 180 3799 gris
206 3719 345 3780 incolumi
367 3720 461 3782 redire
495 3719 597 3803 curru]
622 3719 741 3785 Gnorna
811 3721 877 3785 ὀίω
893 3717 952 3802 esr]
968 3723 1124 3784 Hactenus
1139 3723 1217 3786 Saxo
1230 3720 1438 3786 iurebnsEri-

113 3819 283 3908 respondet
298 3824 464 3906 proverbio
471 3825 658 3890 blandorum
671 3847 742 3913 per·
810 3828 839 3890 oi
856 3827 1029 3892 coemendis
1050 3845 1192 3890 sermone
1207 3826 1280 3890 artis
1297 3837 1437 3890 tortuoso

112 3937 247 4009 vetreto,
267 3929 349 4014 quod
371 3931 432 4014 jam
452 3933 485 3994 in
506 3932 631 3996 historia
645 3933 743 4017 Egilli
808 3935 920 4022 sepina
932 3929 1123 4014 messuerat,
1137 3928 1438 3996 iommeuteonoiu-

113 4036 251 4098 occurrit
271 4055 338 4122 cap.
352 4033 394 4100 38
413 4061 443 4124 p.
455 4035 532 4102 1822
550 4055 620 4122 gott
637 4041 742 4102 beilum
810 4043 935 4106 nitlrtem
950 4041 1132 4106 narrationis
1146 4039 1304 4123 popularis
1322 4049 1354 4100 et
1372 4054 1438 4104 m·

113 4147 210 4224 stagni
226 4145 301 4207 heim
321 4160 354 4207 at
375 4146 430 4208 nlla
447 4150 467 4210 i.
486 4169 512 4207 e.
534 4145 679 4208 canduit
699 4150 743 4208 ia·
809 4148 867 4214 bra
894 4141 1316 4234 proverbiaxqoodammodo
1344 4141 1438 4206 latino

115 4263 200 4331 tegre
221 4274 310 4313 curru
330 4252 444 4330 domun
463 4252 536 4316 aedi.
809 4251 960 4320 redderet
1000 4254 1070 4316 Jam
1088 4271 1162 4316 vero
1179 4247 1278 4314 oratio
1291 4267 1353 4310 non
1372 4266 1440 4310 roo·

165 4357 313 4442 'Dr'ffissa
329 4359 453 4420 laterum
466 4355 569 4444 parte]
591 4359 744 4442 stratege·
795 4358 853 4424 .ἂο
874 4359 1026 4444 exsurgit,
1054 4356 1109 4420 ted
1134 4352 1289 4440 limpidior
1316 4371 1439 4438 quoque

113 4479 168 4522 ma
190 4461 252 4545 jam
270 4473 319 4526 ter
340 4484 356 4524 a
378 4461 496 4525 Saxone
516 4476 684 4544 armatum,
706 4464 743 4528 de
805 4445 896 4545 *ilnit3
916 4464 1010 4529 sensit
1032 4463 1112 4526 enim
1135 4463 1265 4538 Noster,
1284 4477 1318 4523 ae
1340 4459 1373 4521 in
1394 4457 1441 4522 lo·

114 4563 284 4651 Haddiogo
304 4567 357 4631 lib.
376 4557 399 4631 '1
420 4565 509 4654 labii,
529 4569 566 4634 de
584 4571 743 4646 Frctbone
812 4591 864 4634 cor
884 4569 947 4654 jam
968 4587 1033 4632 ease
1053 4567 1197 4647 delatum,
1218 4565 1271 4652 qui
1290 4563 1383 4630 llores
1403 4583 1441 4628 ex

114 4668 211 4734 libii
229 4669 307 4759 pos
326 4671 415 4764 etde
434 4675 501 4761 ipro
518 4677 611 4742 Erico
627 4699 658 4762 p.
674 4673 744 4740 too
810 4677 909 4741 hortis
936 4687 1073 4741 veterum
1106 4685 1247 4737 totorum
1279 4669 1441 4758 decerptor

166 4778 403 4860 ’circumactam
428 4781 464 4846 u
492 4795 553 4862 eo,
579 4781 745 4850 circunda-
812 4782 904 4850 taotte
935 4781 1142 4849 admitterent
1197 4783 1317 4844 ttorun
1346 4777 1440 4862 igitur

119 4893 190 4962 tat,
212 4888 361 4967 amictos,
389 4899 422 4952 ut
443 4911 473 4974 p·
493 4887 564 4956 36³.
814 4903 955 4956 autorum
987 4888 1083 4977 geniis
1114 4886 1210 4955 vetut
1243 4881 1372 4954 attona
1409 4891 1442 4944 et
