3506 5458
708 307 867 380 SVENO.
1322 307 1393 376 503

129 521 256 595 oribus
281 522 399 596 seritis
422 526 561 596 sociare
584 535 792 618 coeperuut,
809 535 983 618 quantum
1001 520 1111 616 patris
1134 537 1251 588 mores
1273 520 1446 600 convicio,

126 660 265 716 tantum
283 643 365 717 liliae
381 647 538 744 speciem
553 642 724 716 laudibus
739 647 895 714 insecuti.
956 638 1057 725 Adeo
1073 637 1204 712 falsum
1218 639 1445 736 proscripto-

128 791 217 838 rum
236 791 368 841 nomen
389 765 566 865 complexi
593 765 766 838 mendacii
785 789 914 836 noram
941 761 1200 836 benevolentiae
1224 759 1446 834 simulatione

129 905 300 964 texerunt.
361 895 390 960 A
415 889 551 987 quibus
575 888 711 960 Olavus
728 885 928 986 probabilis
944 886 1070 958 fortnae
1099 890 1315 956 irritamento
1331 884 1445 980 virgi·-

114 1027 354 1108 competere
384 1032 575 1110 persensus
600 1009 811 1108 legationem
828 1033 954 1107 preces
978 1033 1063 1084 suas
1080 1009 1233 1080 Svenoni
1252 1019 1445 1102 porrectu-

128 1157 207 1206 ratu
222 1137 390 1206 instruxit.
454 1137 533 1225 Qua
550 1132 666 1206 aditus
691 1135 807 1204 Sveno
840 1133 966 1228 petitas
989 1153 1101 1230 proco
1128 1126 1444 1226 nuptiaspollice-

127 1273 196 1328 tur.
249 1259 332 1346 Quo
359 1258 491 1330 nuncio
506 1255 642 1330 Olarus
666 1255 713 1328 ad
729 1267 908 1328 summam
924 1277 1040 1353 usque
1063 1250 1337 1352 gratulationem
1352 1273 1445 1321 eve·-
1467 1339 1473 1354 Ι

126 1393 216 1464 ctus,
238 1377 425 1450 matronali
441 1375 543 1452 stolae
567 1375 720 1452 illibatas
740 1377 919 1477 pudicitiae
937 1377 1031 1450 laces
1054 1370 1295 1474 praeferendas
1321 1376 1445 1444 existi-

128 1499 262 1588 mabat,
289 1501 562 1599 virgineumque
589 1500 778 1574 aemulatus
796 1499 1022 1598 amplexum,
1048 1497 1326 1572 adolescentiam
1342 1515 1445 1568 suam

129 1627 220 1694 iutra
237 1621 411 1696 viduitatis
431 1625 608 1722 gremium
628 1624 795 1697 obterere
818 1647 946 1722 passus
974 1639 1131 1695 nonest.
1191 1625 1300 1719 igitur
1322 1641 1450 1726 quan-3

130 1761 206 1818 trun
240 1743 338 1816 alteri
373 1763 601 1845 contemptus
632 1743 807 1844 alterique
832 1751 1071 1820 venerationis
1093 1743 1267 1831 delet-ret,
1298 1740 1446 1839 aperuit.

130 1865 308 1965 Syritliam
325 1891 484 1964 namque
501 1865 673 1966 colloquii
690 1867 914 1942 simulatione
931 1869 1117 1942 celebriter
1135 1867 1351 1952 accersitam,
1373 1883 1445 1934 aa·

130 1994 266 2088 sigium
284 1988 491 2063 conserendi
507 2014 632 2063 seeum
648 1997 819 2064 sermonis
835 1997 949 2091 gratia
965 1993 1167 2067 subintrare
1181 1989 1315 2088 petivit.
1365 1987 1445 2056 Cu-

130 2117 190 2212 jus
214 2113 383 2210 precibus
406 2118 538 2210 regina,
556 2139 632 2212 quo
650 2112 872 2186 verecundia
891 2123 1110 2188 munimento
1126 2115 1234 2186 tutior
1247 2111 1358 2198 fieret,
1374 2103 1446 2178 ali-

131 2233 308 2334 quamdiu
333 2236 522 2325 reluctata,
539 2235 585 2307 ad
609 2253 807 2310 extremum
828 2239 978 2334 imperio
994 2242 1108 2310 cessit.
1174 2237 1284 2333 Igitur
1307 2234 1363 2303 six
1387 2245 1445 2300 at-

130 2381 203 2456 que
219 2383 314 2457 segre
331 2356 593 2456 obtemperanti
611 2357 748 2462 liguum
765 2358 964 2456 pensilibus
993 2361 1095 2431 uncis
1128 2354 1321 2431 subnixum
1345 2375 1445 2452 pon-

131 2485 175 2556 tis
199 2480 281 2554 loco
308 2479 523 2554 scandendus
544 2486 680 2578 puppis
704 2487 817 2580 gratia
847 2482 1021 2554 sternitur.
1084 2479 1192 2574 Quod
1214 2503 1298 2552 cum
1322 2493 1445 2572 regem

131 2603 273 2677 aditura
292 2601 560 2688 conscenderet,
587 2601 715 2677 eodem
734 2629 802 2701 per
826 2601 1014 2676 insidiosos
1043 2602 1244 2692 subducto,
1281 2620 1446 2698 praeceps

132 2727 305 2802 lluctibus
326 2725 501 2801 obvoluta
510 2742 578 2800 est.
636 2731 710 2799 Nec
735 2729 890 2800 conteuti
906 2744 1024 2800 nautae
1047 2725 1305 2824 amplissimam
1323 2721 1445 2816 maje-

131 2867 256 2924 statem
286 2847 408 2922 ultimo
432 2847 611 2920 dedecore
634 2849 860 2941 cooludisse,
892 2875 968 2950 quo
1003 2847 1134 2922 clarius
1158 2846 1389 2920 libidinosum
1414 2847 1445 2912 ci
1508 2921 1509 2928 χ

132 2975 289 3046 animum
313 2971 592 3070 exprobrarent,
631 2971 751 3045 inllicti
780 2997 885 3046 casus
918 2970 1174 3071 turpitudinem
1196 2968 1353 3042 clamore
1375 2963 1446 3038 sub

105 3163 109 3176 .
132 3096 287 3172 hinnitus
305 3099 424 3193 speeie
440 3091 536 3168 edito
555 3099 729 3192 persecuti
760 3111 851 3167 sunt.
911 3097 998 3166 Haec
1024 3110 1077 3166 est
1092 3097 1292 3191 Norvagica
1310 3089 1446 3162 homa-

131 3195 236 3311 nitas,
258 3217 350 3290 dolis
380 3243 423 3290 ac
439 3215 612 3290 derisione
645 3221 833 3304 instructa,
868 3242 951 3315 quae
975 3213 1268 3314 splendidissimae
1292 3211 1450 3284 foeminae

132 3342 243 3416 fidem
260 3339 449 3440 probrosis
463 3337 597 3410 insidiis
613 3339 882 3432 circumvenire,
908 3337 1103 3412 matronale
1125 3335 1237 3411 decus
1254 3350 1447 3410 contume-

132 3463 189 3537 liis
216 3463 447 3562 proculcare,
483 3487 717 3560 amoremque
742 3467 934 3562 ignominia
959 3459 1156 3558 rependere
1189 3487 1263 3533 uon
1292 3454 1447 3530 erubuit.

130 3593 177 3663 Et
195 3613 281 3662 sane
299 3588 463 3685 quisquis
484 3586 516 3656 ei
538 3583 675 3682 populu
701 3584 958 3658 humanitatem
985 3597 1093 3680 utque
1115 3583 1330 3681 obsequium
1357 3602 1445 3650 ero-

130 3729 203 3812 gat,
222 3713 365 3810 ingratis
380 3705 596 3780 beneficium
613 3711 791 3806 praestat¹.
846 3710 890 3778 At
904 3707 1036 3805 regina,
1052 3731 1155 3803 paene
1169 3702 1332 3803 periculo
1347 3725 1450 3800 prae-

132 4047 195 4110 vol.
210 4049 250 4108 lll
264 4069 295 4131 p.
318 4041 439 4124 11-12).
474 4046 550 4106 Cum
574 4043 667 4107 hacce
694 4067 763 4108 ner·
873 4045 1199 4127 'lagi-otisdcnefict'um
1217 4037 1456 4128 praestadssunt,

133 4153 253 4217 ratione
271 4151 423 4212 consentit
451 4149 600 4227 Adamas,
626 4149 761 4214 referens
824 4154 936 4212 Noster
953 4148 1009 4210 hac
1023 4148 1179 4211 occasione
1194 4143 1316 4229 arrepta
1328 4145 1359 4205 in
1373 4149 1451 4208 Nor-

133 4261 277 4334 Olarum,
298 4256 487 4319 'l'brucconis
508 4255 615 4336 filium,
634 4257 762 4320 ellanis
827 4275 918 4339 vegos
936 4257 978 4316 its
995 4253 1219 4332 stomachatur,
1249 4252 1394 4338 suspicari
1417 4253 1453 4314 lt-

132 4361 764 4448 duxisseuxoremsuperbissimam,'1'ho·
826 4373 885 4436 cet,
912 4360 1075 4422 nonnullos
1099 4360 1200 4422 exules
1222 4359 1409 4442 Norvegicos
1435 4383 1452 4422 s

133 4491 178 4547 re,
201 4469 287 4554 cujus
303 4469 449 4532 instinctu
475 4469 571 4532 Danis
586 4469 700 4532 bellum
716 4470 762 4530 in·
825 4465 1025 4532 Waldemaro
1035 4479 1067 4529 et
1080 4465 1232 4530 Absalonu
1248 4462 1454 4552 indulgentius

135 4576 240 4639 tulerit
264 4573 349 4655 (hist.
372 4576 478 4638 eccles.
495 4574 549 4636 lib.
564 4579 591 4637 ll
613 4593 679 4658 cap.
697 4571 763 4652 ll).
818 4569 946 4635 'habitos
964 4593 1016 4633 sua
1036 4571 1255 4658 ingratitudine
1276 4571 1370 4636 bilem
1388 4594 1453 4636 mo-

133 4681 254 4746 Eodem
281 4692 537 4766 praeteresteste
572 4683 671 4764 Thyra
694 4695 765 4768 post
827 4680 904 4742 visse
931 4677 1059 4754 Saxoni,
1081 4695 1211 4762 eumque
1232 4677 1397 4763 impulisse,
1417 4691 1454 4742 ut

135 4807 257 4852 mortem
270 4789 419 4874 ot'risome
436 4789 589 4870 mediisque
603 4793 695 4850 uitam
713 4791 766 4848 mi·
828 4805 917 4849 voces
956 4785 1009 4848 has
1036 4783 1271 4870 contumeliosas
1297 4784 1329 4844 in
1356 4795 1454 4848 totam

134 4899 298 4960 serabiliter
313 4898 469 4958 consumsit
482 4889 568 4974 (ibid.
592 4912 658 4977 cap.
680 4885 743 4969 28.)
827 4906 948 4978 gentem
963 4891 1162 4976 Nortegiuottt
1175 4903 1289 4954 temere
1306 4886 1455 4952 effutitet.
