3442 5456
423 1514 648 1626 Saxonis
683 1511 1031 1626 Grammatici
1063 1509 1312 1632 Historiae
1346 1507 1569 1617 Danicae

780 1715 943 1840 Liber
980 1751 1194 1840 Sextus.

648 1987 1331 2000 „we-*mm—

336 2087 544 2202 Defuncto
566 2125 765 2218 Frothooe‚
799 2129 889 2199 Dani
907 2125 1132 2216 Fridlevum‚
1168 2129 1230 2224 qui
1255 2125 1354 2224 apud
1369 2124 1531 2198 Russiam
1547 2116 1623 2195 edu-

335 2250 492 2341 cabatur,
518 2247 608 2322 salso
632 2253 820 2322 extinctum
837 2252 920 2341 rati,
943 2275 1056 2347 quum
1085 2251 1159 2344 jam
1175 2273 1324 2347 regnum
1346 2246 1500 2320 haeredis
1527 2246 1623 2341 inopia

336 2371 553 2446 claudicare¹
582 2397 647 2444 nec
672 2380 708 2444 in
731 2376 826 2472 regia
858 2389 960 2472 gente
984 2373 1177 2444 continuari
1197 2395 1305 2467 posse
1331 2368 1527 2457 videretur,
1547 2367 1623 2438 hunc

335 2511 475 2594 sceptro
491 2495 736 2596 dignissimum
754 2495 1019 2584 arbitrarium,
1046 2499 1107 2592 qui
1129 2491 1322 2565 illustrandi
1347 2491 1536 2564 Frothonis
1553 2511 1621 2588 gra·

334 2620 380 2689 tia
405 2620 533 2689 recenti
550 2619 630 2716 ejus
652 2616 792 2690 tumulo
811 2616 961 2715 plenum'
981 2615 1098 2689 laudis
1124 2640 1267 2688 carmen
1291 2615 1466 2715 affigeret,
1491 2613 1622 2685 saman·

336 2764 407 2838 que
433 2742 567 2810 extincti
593 2742 685 2839 regis
718 2741 879 2838 specioso
909 2744 1059 2836 posteris
1081 2737 1181 2811 titulo
1209 2737 1480 2810 commendaret.
1543 2737 1623 2804 Tunc

338 2861 505 2960 quidem²
531 2863 694 2953 Hiarnus,
709 2860 1068 2935 Danicaeadmodum
1090 2863 1207 2960 poesis
1224 2863 1376 2957 perituS,
1403 2877 1442 2932 ut
1458 2858 1622 2933 claritatem

336 2989 402 3060 viri
425 2987 552 3086 insigni
568 2984 745 3058 dictorum
764 3001 993 3058 monumento
1012 2999 1304 3082 prosequeretur,
1337 2985 1471 3080 praemii
1502 2978 1621 3077 ungui-

337 3107 461 3182 tudine
478 3108 681 3197 coucitatus,
706 3132 807 3180 more
824 3129 891 3180 suo
916 3105 1114 3178 barbarum
1128 3103 1289 3178 condidit
1312 3121 1475 3178 metrum.
1532 3101 1621 3196 Cujus

336 3227 548 3303 intellectum
566 3243 723 3327 quatuor
736 3228 915 3304 versiculis
932 3227 1065 3301 editum
1081 3230 1118 3300 in
1133 3227 1213 3299 haec
1234 3227 1345 3300 verba
1361 3225 1570 3324 transcripsi:

468 3340 683 3426 nothonem
698 3353 818 3440 Dani,
833 3375 937 3452 quem
952 3349 1119 3449 longum³
1140 3350 1264 3422 viuere
1275 3349 1421 3438 vellent,

533 3477 603 3546 Per
616 3497 686 3544 sua
701 3471 911 3572 defunctum
927 3499 1018 3545 rora
1036 3471 1145 3544 tulere
1163 3458 1234 3543 diu}

467 3593 651 3697 Principis
669 3590 737 3668 hoc
751 3595 881 3666 summi
899 3595 1112 3668 tumulatum
1127 3595 1256 3696 cespite
1281 3615 1411 3694 corpus

533 3717 678 3790 AEtderc
702 3715 766 3790 sub
785 3717 918 3818 liquido
933 3717 1035 3790 nuda
1053 3717 1217 3790 recondit
1237 3715 1374 3788 tumus.

468 3841 550 3931 Quo
572 3841 725 3913 carmine
750 3837 861 3929 edito,
911 3858 1091 3914 auctorem
1121 3842 1213 3913 Dani
1241 3836 1438 3912 diademate
1471 3831 1623 3910 munerati

336 3963 450 4035 sunt⁴.
508 3965 562 4034 lta
582 3961 629 4033 ab
657 3963 708 4035 eis
729 3963 948 4061 epitaphium
972 3988 1082 4063 regno
1106 3987 1297 4061 repensum
1320 3962 1529 4059 imperiique
1543 3979 1628 4056 pon-

335 4081 404 4158 dus
418 4108 620 4183 paucarum
634 4083 816 4159 literarum
834 4088 1010 4160 contextui
1028 4085 1199 4159 donatum
1216 4099 1275 4156 est.
1352 4080 1453 4156 Adeo
1472 4078 1550 4153 exili
1568 4083 1628 4148 im-

382 4363 534 4446 ¹Regnum
551 4365 673 4428 taeredu
693 4369 793 4453 inopia
811 4367 959 4428 claudica-
1023 4365 1110 4429 aliter
1126 4363 1270 4450 positum,
1296 4359 1547 4447 quemadmodum
1561 4350 1633 4442 apud

337 4465 379 4546 re]
405 4471 528 4534 'I'ralate
543 4470 666 4535 dictum.
688 4475 733 4534 Ita
752 4471 887 4536 Justinus
906 4469 959 4532 lib.
1020 4471 1183 4554 Virgilium
1214 4469 1321 4552 Eclog.
1354 4470 1408 4546 111,
1435 4465 1492 4532 79:
1527 4471 1635 4549 tongum

337 4573 379 4635 Vl
394 4591 460 4658 cop.
481 4571 518 4636 2:
539 4579 640 4639 melius
661 4603 721 4640 csse
737 4583 848 4640 incessu
863 4602 960 4662 regem
1022 4579 1096 4639 vole.

337 4699 423 4760 quam
436 4684 555 4765 rinperio
587 4705 706 4764 regnum
724 4684 897 4744 claudicare.
1067 4685 1246 4744 *Auctorem
1267 4685 1350 4744 Dani
1367 4681 1530 4744 diedemate
1547 4695 1637 4738 mune·

382 4785 549 4846 ²Fortasse
564 4787 622 4868 leg.
636 4789 761 4870 quidam.
784 4781 864 4869 (ng)
1023 4792 1085 4850 rati
1105 4783 1187 4866 stent]
1215 4785 1314 4850 Crisin
1349 4786 1441 4869 hujus
1472 4775 1635 4848 traditionis

253 4913 260 4926 ·
383 4888 500 4968 ³Qucm
515 4887 647 4972 letigum]
667 4895 799 4974 Longum
822 4889 960 4956 advertu-
1022 4892 1080 4958 vid.
1101 4892 1131 4956 in
1149 4905 1211 4958 not.
1232 4891 1315 4956 uber.
