3458 5454
540 324 543 333 ·
577 360 582 368 .
665 297 891 372 nereus:

268 566 273 574 .
308 507 411 578 ,eant
425 503 460 575 si
470 507 787 603 supremomsorte
800 507 914 580 isicem
926 507 1117 595 densere,

148 676 166 699 ·.
221 668 225 687 ι
358 626 543 704 tteroen
557 626 691 702 rubido
707 629 865 704 subdens
879 630 1003 717 arteni,

183 785 188 797 ·
309 754 528 848 Quocunque
542 747 637 825 terlio
645 750 1032 849 prcesoeeturirelitus,

356 869 483 948 tereto
507 893 569 946 teu
580 871 734 969 plodio,
755 873 973 972 gurgiteoel
985 875 1076 960 seio,

305 991 597 1094 mptum
606 993 977 1094 indersspneeaddt‘oo,

354 1119 402 1190 Et
412 1139 469 1186 me
481 1117 661 1190 conniru'b'
673 1117 834 1192 devoveo
847 1118 942 1208 neci,

306 1243 452 1336 ecquos
467 1235 700 1335 rdenrfoedns
721 1242 793 1314 tori
802 1241 1030 1328 retineant,
1107 1305 1109 1310 .

355 1358 454 1430 idem
467 1359 638 1460 suppetit·
645 1361 830 1438 contenent
839 1363 978 1436 neodus.

302 1481 502 1570 trectense,
514 1486 783 1558 tiernensem
797 1509 951 1586 poenas,
975 1487 1155 1572 deserent,

356 1612 469 1704 Quem
481 1604 631 1703 Quum
651 1613 792 1680 Venere
809 1607 1096 1696 contituimus,

303 1731 376 1827 (tui
383 1729 505 1828 primo
520 1727 638 1803 nostri
653 1729 790 1830 carpsit
808 1731 890 1802 orie
897 1729 1041 1820 occulti,

351 1847 513 1950 Etflort's
528 1851 838 1953 tenert'prt'mitias
850 1853 938 1928 trtlrt

300 1973 447 2048 Ntdltnrt
457 1992 549 2074 puto
564 1976 860 2076 votnmfuturum
877 1975 1026 2063 certius,
1066 2029 1070 2040 .
1095 2017 1099 2026 ,
1278 2000 1297 2056 ο

351 2098 391 2170 Si
410 2097 685 2196 qut'dfoenu'neo
699 2099 872 2198 vonfidri
881 2100 1010 2196 gert't‘.
1036 2099 1044 2116 ‘

236 2225 325 2312 Quae
341 2244 412 2293 vox
428 2222 473 2292 ita
486 2219 679 2318 Hogbarthi
702 2223 858 2296 animum
873 2220 1059 2320 vegetavit,
1083 2233 1122 2290 ut
1136 2216 1218 2314 plus
1240 2214 1410 2310 volupta-

104 2353 145 2418 tis
160 2347 197 2416 iu
212 2346 291 2441 ejus
310 2315 503 2439 promisso,
528 2367 640 2438 quern
654 2342 803 2440 periculi
822 2345 860 2414 in
883 2367 950 2414 sun
969 2341 1189 2436 digressione
1213 2350 1410 2434 reponeret.

101 2469 171 2560 Qui
188 2489 313 2563 quum,
328 2463 376 2536 ub
391 2461 567 2538 ancillulis
580 2463 754 2560 proditus,
774 2489 794 2536 a
812 2461 1113 2563 Sigarilictoribus
1128 2471 1409 2557 oppugnaretur,

101 2587 163 2660 din
178 2611 218 2660 ee
236 2601 376 2660 strenue
396 2609 518 2682 pugna
533 2585 706 2677 defendit,
727 2583 1007 2683 compluresque
1022 2607 1063 2656 ex
1083 2585 1133 2654 eis
1159 2583 1194 2652 in
1208 2579 1306 2652 aditu
1325 2595 1407 2650 tru-

101 2706 242 2782 cidsvit.
292 2704 578 2802 Comprehensus
595 2706 737 2780 taudem
766 2725 805 2782 et
832 2706 878 2780 ed
902 2708 1110 2780 concionem
1127 2698 1407 2800 perductus,di-
1447 2781 1451 2787 .

101 2855 203 2904 verse
220 2825 336 2925 plebis
351 2826 515 2926 suffragiu
538 2846 704 2924 expertus
735 2845 799 2904 est.
842 2826 1026 2928 Siquidem
1041 2825 1246 2923 complures
1259 2819 1406 2920 suppli-

99 2953 195 3024 cium
212 2949 259 3022 ab
277 2974 321 3022 eo
334 2965 408 3022 tam
425 2953 541 3050 gravis
565 2952 699 3047 injuriae
715 2949 926 3051 exigendum
942 2948 1125 3041 dicebant,
1141 2947 1205 3021 sed
1219 2945 1408 3031 Bilrisus³,

98 3073 232 3148 Bolrisi
243 3072 368 3164 frater,
387 3071 531 3170 aliique,
550 3078 732 3146 senenttae
749 3075 896 3170 potioris
914 3089 1096 3160 unctores,
1127 3074 1246 3168 potins
1261 3083 1407 3148 strenua

97 3198 177 3294 ejus
199 3219 313 3293 opem
336 3193 508 3268 utendum
534 3215 644 3291 quam
671 3195 853 3270 crudelius
875 3196 913 3268 in
935 3219 1019 3267 eum
1046 3189 1306 3268 consulendum
1321 3211 1406 3258 mo-

96 3317 242 3390 uebant.
299 3319 402 3388 Tunc
417 3315 563 3390 subiens
579 3317 745 3392 Boivisns
774 3319 897 3414 iniquo
924 3311 1292 3401 effinunhstccusilin,
1318 3337 1406 3408 quoe

97 3465 229 3540 regem,
245 3464 360 3536 quum
374 3437 506 3513 ultione
522 3440 573 3510 uti
588 3437 729 3527 dehent,
750 3443 933 3536 ignoscere
947 3435 1108 3533 jubeant,
1131 3449 1165 3510 et
1180 3438 1314 3532 justurn
1327 3435 1405 3504 irn-

96 3559 238 3634 cundiae
256 3578 395 3634 motum
419 3559 563 3659 indigna
586 3563 807 3634 miseratione
831 3557 1016 3632 deleniout.
1080 3561 1161 3649 Quo
1186 3563 1279 3629 eninr
1301 3574 1406 3656 poeto

95 3689 260 3783 Sigerum
278 3688 368 3756 circa
388 3681 485 3756 hunc
502 3681 674 3780 parcendi
690 3681 927 3766 miserendive
943 3680 1058 3757 studio
1083 3686 1215 3754 moveri
1234 3707 1359 3778 posse,
1384 3707 1404 3752 u

95 3833 172 3906 quo
191 3832 264 3880 nou
277 3803 396 3880 solum
413 3805 732 3906 geminoffliorutu
746 3805 870 3880 solatio
884 3801 1072 3902 spoliatus,
1096 3803 1161 3880 sed
1183 3806 1289 3876 etium
1318 3829 1404 3876 cor-

148 4128 157 4160 ¹
179 4125 283 4184 Morbo
311 4147 360 4184 sen
390 4125 507 4206 gladio,
533 4131 655 4206 gorgite
677 4128 725 4184 vei
781 4123 889 4198 veliet,
918 4121 1057 4204 proditus
1086 4117 1404 4203 comprehenderetur,

94 4227 308 4308 solo]Carmen
325 4241 371 4290 eet
386 4227 509 4290 diooion
526 4226 719 4310 distrophon‚
779 4225 860 4310 quod
878 4221 1009 4306 eccidit.)
1032 4224 1111 4308 (teg)

95 4333 184 4416 cujus
212 4333 298 4416 prior
327 4333 453 4419 quisqve
480 4353 582 4394 tersus
616 4331 722 4394 iambi·
821 4323 992 4410 ''Briouod
1008 4333 1079 4392 Hoc
1095 4332 1184 4392 etiem
1199 4349 1308 4392 nomen
1323 4329 1403 4392 haud

95 4461 148 4502 ctu
169 4438 303 4502 seuerius
322 4459 375 4502 eeu
398 4440 550 4517 trimeter,
571 4439 720 4502 secundus
779 4436 870 4500 dubie
881 4438 1060 4500 ominosum.
1107 4440 1175 4498 Bria
1194 4459 1220 4496 r.
1241 4458 1268 4496 n.
1290 4449 1335 4498 est
1351 4435 1402 4498 de·

94 4545 224 4629 quisque
245 4543 476 4621 choriambicus,
498 4541 719 4627 Asclepiadem.
778 4541 901 4617 hiliteri,
914 4539 1020 4605 oeten
1034 4541 1110 4618 (vid.
1123 4545 1210 4626 Spec.
1219 4543 1349 4604 Glossnr.
1363 4543 1401 4604 ed

141 4655 205 4716 2Ιιι
220 4677 275 4713 sua
286 4647 477 4734 depressione]
495 4653 645 4734 Depresno
660 4671 718 4734 pro
777 4645 897 4712 Etiam
913 4647 1067 4712 Saetnnndi
1087 4650 1148 4712 rol.
1169 4652 1213 4724 1i3
1230 4647 1321 4730 igitur
1337 4648 1400 4710 Bii-

95 4777 217 4821 exceteu
233 4775 286 4818 seu
302 4769 409 4818 morte.
435 4754 486 4834 (S)
514 4759 623 4844 (intuto
642 4756 722 4840 peri·
783 4751 825 4816 ris
840 4752 966 4816 sortasse
990 4751 1050 4832 itte,
1077 4756 1127 4838 qni
1152 4755 1289 4819 lubenter
1310 4755 1401 4828 cedit,
1476 4743 1482 4762 ⁸

95 4865 195 4927 cuium
217 4876 293 4941 eret,
315 4883 362 4940 ue,
388 4884 480 4946 quum
498 4883 585 4924 mane
602 4859 719 4946 digredi
758 4853 762 4862 ’
783 4859 835 4942 qui
853 4861 953 4924 mollio
970 4864 1031 4944 ogit
1045 4862 1177 4924 consilio.
