3506 5458
705 323 920 398 CANUI'US.
1238 388 1244 400 ,
1333 320 1407 394 537

152 549 422 614 monumentum
441 549 583 626 extrem
606 530 706 632 apud
723 531 1001 633 Rothomagum,
1021 533 1198 631 promissa
1216 531 1389 632 indigenis
1408 533 1458 608 li·-

151 657 308 747 bertate,
336 655 529 756 sepulturae
553 653 778 746 mandarent;
819 653 923 730 facile
946 677 1076 760 usuros
1097 653 1300 731 conditione
1324 655 1460 748 Gallos,

155 782 185 854 ai
205 778 298 854 illico
321 777 464 854 hostem
487 777 621 852 linibus
645 782 719 851 suis
742 800 969 851 excessuram
986 793 1255 874 cognoscerent,
1271 801 1460 877 parvoque

154 901 337 1002 impendio
354 899 483 1002 mandi
503 903 655 999 patriam
679 916 775 974 namu
796 899 949 974 liberare
977 899 1182 995 quivissent.
1252 903 1461 974 Oimmen-

155 1049 234 1102 sam
249 1027 398 1125 perituri
411 1027 505 1122 regis
519 1019 739 1114 industriam,
756 1045 840 1121 quae
857 1025 929 1098 suis
945 1027 981 1094 in
997 1019 1136 1096 ultimas
1146 1045 1267 1096 rerum
1282 1030 1462 1122 angustias

155 1147 335 1232 devolutis
360 1144 546 1244 disciplina
569 1170 678 1244 qnam
694 1146 819 1244 spiritu
840 1143 994 1220 vividior
1014 1141 1123 1216 affuit.
1176 1146 1367 1218 Enimvero
1391 1171 1460 1220 su-

158 1275 342 1370 perstitum
360 1268 457 1342 salus
475 1267 674 1342 decedentis
692 1269 835 1368 ingenio
845 1271 943 1340 stetit
992 1270 1082 1338 Nam
1096 1289 1231 1364 corpus
1245 1267 1334 1365 ejus,
1352 1267 1482 1342 fune-·

124 1479 129 1498 .
157 1393 214 1468 bri
231 1392 324 1466 lecto
342 1415 364 1462 a
380 1389 549 1464 militibus
563 1391 601 1460 in
615 1391 691 1464 acie
711 1389 899 1486 perlatum,
921 1387 968 1462 ad
994 1391 1178 1462 Dacorum
1203 1411 1320 1487 usque
1343 1395 1461 1463 victo·-

159 1519 248 1586 riam
275 1513 383 1586 ueluti
419 1515 500 1587 vira
532 1510 776 1586 adhortatione
798 1511 970 1610 profecit,
1005 1527 1144 1584 utnon
1180 1515 1296 1586 minos
1325 1515 1464 1588 extincti

158 1661 271 1735 quam
288 1635 486 1733 superstitis
502 1633 654 1708 fortunae
672 1634 817 1733 pondus
833 1635 946 1708 inesse
960 1631 1157 1708 crederes¹.
1216 1636 1282 1706 Cui
1299 1660 1382 1710 mox
1397 1661 1462 1710 se-

157 1759 352 1858 pulturam,
376 1757 594 1832 discessuros
611 1779 650 1830 se
666 1759 774 1856 pacti,
798 1780 820 1826 a
845 1753 1195 1855 Rothomagensibus
1209 1761 1462 1856 expetiverunt

159 1882 330 1980 Rapuere'
354 1877 594 1954 conditionem
619 1877 764 1972 'hostes
805 1876 1057 1975 cineribusque
1088 1881 1177 1977 ejus
1198 1880 1233 1952 in
1276 1881 1369 1954 urbe
1398 1905 1462 1953 sna

157 2001 402 2102 acquiescendi
418 2001 537 2078 locum
556 1999 739 2076 dederunt
791 2005 841 2074 lta
858 1997 994 2090 milites,
1011 2007 1164 2100 suscepti
1181 2006 1335 2110 monitos
1349 2006 1464 2078 ratio-

160 2151 207 2198 ne
229 2149 406 2226 pugnam,
441 2129 661 2222 pactionem,
691 2122 910 2221 sepulturam
932 2139 1043 2221 atque
1074 2127 1243 2222 exequias
1275 2132 1464 2224 prosecuti,

159 2247 233 2322 lato
246 2248 409 2322 functum
423 2246 582 2322 humeris
599 2247 672 2319 suis
687 2267 807 2342 regem
825 2247 859 2316 in
885 2250 961 2318 acie
985 2243 1216 2344 pertulerunt,
1231 2253 1464 2346 victoresque,

161 2370 324 2444 fanerato
347 2393 403 2458 eo,
436 2375 588 2468 sumptis
612 2382 746 2440 tantum
776 2368 1046 2457 commeatibus,
1074 2367 1121 2440 ad
1142 2371 1289 2467 propria
1311 2369 1465 2456 reditum

160 2493 374 2568 habuerunt.
433 2493 538 2562 Hunc
555 2492 711 2573 Canutns
722 2495 854 2562 exitum
869 2487 1030 2582 habuit2,
1046 2517 1121 2590 quo
1137 2517 1244 2566 nemo
1263 2507 1464 2570 nostrorum

161 2641 299 2716 regum,
322 2613 459 2686 umetsi
482 2611 587 2710 plura
603 2611 662 2686 alii
687 2613 840 2686 victoriis
859 2610 1130 2706 illustraverint,
1151 2614 1371 2712 splendidior
1392 2617 1465 2690 suit.

161 2738 263 2812 Adeo
277 2740 370 2810 enim
387 2759 540 2833 operum
554 2737 635 2834 ejus
652 2733 929 2834 magnitudinem
943 2738 1104 2833 propitiae
1121 2737 1225 2810 famoe
1241 2736 1330 2810 fides
1351 2761 1466 2822 anser

162 2878 226 2950 rat,
241 2877 291 2951 ut,
308 2883 402 2958 quos
419 2885 540 2932 rerum
562 2874 743 2957 gestarum
761 2855 871 2956 gloria
888 2881 993 2954 pares
1019 2856 1211 2951 habuerat,
1233 2859 1466 2956 amplitudine

161 2984 327 3058 claritatis
343 2980 499 3054 excellat.
558 2985 723 3078 Cumque
739 2979 889 3053 aliorum
906 2979 1135 3078 splendorem
1157 2985 1363 3083 ignorantiae
1388 2984 1465 3058 ob·-

159 3114 309 3181 scuritas
331 3129 374 3176 ac
389 3105 568 3176 vetustatis
591 3103 723 3202 rubigo
739 3101 936 3201 perederit,
969 3100 1077 3201 hujus
1092 3104 1212 3196 decus,
1236 3105 1343 3204 longp
1360 3105 1465 3180 famae

163 3232 396 3326 usurpatione
418 3225 627 3314 subnixum,
664 3230 848 3324 perpetuis
869 3232 1048 3300 memoriae
1074 3229 1246 3302 fructibus
1256 3231 1466 3322 revirescit,

162 3349 349 3449 siquidem,
367 3350 548 3422 sanctitate
564 3373 605 3420 ac
618 3346 821 3422 fortitudine
836 3351 1132 3441 instructissimus,
1157 3353 1359 3425 conminus
1375 3352 1466 3442 relif

162 3477 307 3576 ponem
333 3483 608 3574 quamlregnum
634 3471 796 3568 prolerre
813 3497 906 3546 curru
921 3470 1053 3545 babuit
1106 3475 1260 3573 Quippe,
1282 3499 1365 3548 cum
1383 3473 1466 3548 bel-

211 3745 352 3810 'Pondus
372 3750 462 3807 inesse
490 3741 633 3826 crederes]
662 3747 694 3806 ln
716 3742 788 3807 edit.
843 3743 956 3808 Chron.
979 3746 1089 3806 Sason.
1113 3743 1153 3812 etl
1181 3767 1228 3808 an.
1250 3743 1348 3825 1036,
1382 3747 1466 3814 Wile

163 3851 322 3936 Stephaaii
337 3862 433 3912 exstat
448 3853 610 3923 credentes,
629 3850 711 3935 quod
722 3852 788 3914 nul·
842 3850 959 3932 helarus
972 3850 1126 3916 statmesb.
1140 3849 1186 3914 ed.
1202 3851 1293 3916 Saril.
1312 3875 1343 3936 p.
1363 3849 1405 3915 42
1426 3858 1465 3933 B,

165 3959 228 4022 lum
252 3977 372 4021 sensum
397 3953 499 4018 fundit
526 3968 556 4018 et
577 3976 681 4020 errore
702 3969 788 4042 typo·
841 3957 963 4020 Simeon
971 3959 1164 4022 Dunelmens.
1178 3957 1216 4018 ad
1232 3981 1278 4020 an.
1297 3956 1376 4021 1035
1393 3961 1465 4038 otc.)

163 4063 274 4150 graphi
290 4074 393 4126 ortum
408 4061 537 4124 ridetur.
841 4063 1008 4126 Annalistae
1031 4077 1062 4127 et
1080 4065 1158 4128 Dani
1183 4078 1214 4126 et
1232 4063 1343 4126 lslandi
1358 4067 1404 4128 rel
1419 4079 1463 4128 ta-

207 4173 313 4232 ¹Huttc
328 4171 460 4231 Cunctos
471 4174 578 4231 exitam
588 4167 702 4248 sabaa]
719 4172 789 4232 Am·
843 4182 913 4232 cent
927 4168 964 4230 de
974 4171 1052 4246 loce,
1068 4191 1129 4253 quo
1145 4167 1256 4232 obierit
1263 4173 1405 4248 Canutus,
1418 4173 1465 4234 vel

164 4275 228 4360 sigi
247 4274 369 4360 quidem
390 4287 503 4359 potest,
534 4285 635 4336 utrum
656 4277 787 4338 Canutus
843 4273 956 4336 eumin
978 4275 1089 4358 Anglia
1114 4275 1273 4340 decessisse
1294 4277 1465 4363 perhibent.

164 4403 244 4445 anno
271 4378 369 4458 1035,
398 4403 436 4444 an
458 4383 689 4466 sequentianno
708 4379 788 4442 diem
843 4379 1026 4461 Coniectura
1060 4382 1096 4445 de
1130 4382 1265 4460 ratione,
1299 4405 1358 4467 qua
1385 4385 1466 4448 lama

163 4487 276 4550 obierit
303 4507 484 4570 supremam.
541 4491 610 4550 Hoc
633 4505 703 4549 vero
724 4505 788 4550 cer·
842 4485 1041 4569 expeditionis
1067 4485 1215 4550 fabulosae
1238 4510 1254 4549 a
1279 4491 1396 4553 (lanuto
1417 4513 1466 4554 su·

163 4605 228 4655 turn
252 4605 315 4670 est,
333 4612 402 4654 eum
433 4593 542 4656 morbo
569 4595 712 4656 diuturno
738 4592 789 4656 ab·
843 4605 956 4676 saeptae
967 4591 1004 4654 ad
1021 4595 1170 4656 saxonem
1187 4596 1346 4678 pervenire
1359 4609 1466 4680 potue·

160 4711 291 4762 sumtum
315 4697 475 4761 decessisse
504 4697 585 4782 apud
617 4696 790 4761 Sesiterbe·
843 4697 902 4775 rit,
924 4716 1062 4760 necnon
1084 4699 1309 4764 observationes
1337 4705 1467 4766 nonnul·

161 4804 239 4868 riam
253 4816 285 4866 et
302 4803 473 4871 Wintoniae
492 4802 585 4868 fuine
608 4805 789 4868 tumulatum
844 4802 887 4867 las
899 4804 1054 4888 generales
1066 4806 1097 4869 in
1110 4805 1268 4870 historiam
1284 4809 1393 4874 Cuncti
1405 4811 1466 4876 rid.

160 4906 326 4996 (Chronica
347 4907 385 4974 de
417 4910 541 4975 Mailros
563 4909 601 4974 ad
623 4933 671 4974 an.
698 4905 788 4987 1035,
843 4910 875 5034 ip
887 4923 951 4974 not.
964 4909 1017 4976 ub.
