3446 5458
372 293 443 366 172
712 289 887 362 rusrou.
905 235 1236 370 emturum.

320 518 552 580 monumenta
574 499 799 576 convelleret
864 479 920 576 fta
939 508 1094 600 antiqua·
1122 501 1257 576 crimen
1282 500 1436 576 infame
1476 507 1620 581 recentis

319 633 425 706 famae
447 626 553 700 litura
582 625 865 723 respergendum
888 624 1041 702 dicebat
1105 629 1222 720 Quem
1247 623 1476 700 vermandus
1497 628 1619 726 justam

289 813 295 832 s
320 755 481 828 omnium
498 750 765 822 aestimationem
781 748 907 822 fecisse
929 764 1088 836 testatus,
1107 771 1291 820 armorum
1307 771 1426 838 usum,
1460 746 1564 846 quod
1578 753 1620 822 eis

319 899 448 976 parum
465 877 688 962 assuevisset,
714 869 927 969 praediscere
947 872 1062 970 jubet
1115 869 1255 962 Quibus
1270 869 1350 946 Uffo
1382 869 1515 945 oblatis
1546 896 1620 944 ma-

244 1063 247 1070 .
320 996 503 1098 gnitudine
527 995 677 1091 pectoris
699 1010 869 1092 angustos
891 994 1085 1067 loricarum
1111 1001 1226 1066 nesus
1243 992 1429 1092 explicuit,
1465 1011 1619 1067 necerat

319 1119 430 1212 ullam
445 1121 613 1216 reperire,
627 1141 709 1214 quae
729 1140 811 1188 eum
825 1117 920 1214 justu
933 1117 1137 1215 capacitatis
1153 1121 1269 1212 spatio
1286 1119 1492 1190 contineret.
1542 1119 1619 1190 tta-

315 1245 397 1342 jore
416 1237 590 1340 siquidem
614 1263 770 1338 corpore
794 1255 888 1326 erat,
928 1264 1036 1340 quam
1064 1252 1105 1310 ut
1126 1236 1262 1326 alienis,
1276 1243 1382 1314 armis
1419 1243 1469 1316 uti
1493 1257 1617 1338 posset

317 1362 375 1436 td
401 1361 689 1464 ultimum-cum
721 1377 907 1461 paternam
933 1386 1082 1460 quoque
1110 1357 1257 1434 loricam
1281 1360 1435 1436 violenta
1462 1365 1618 1460 corporis

316 1489 518 1564 astrictione
543 1481 768 1573 dissolveret,
801 1483 1028 1558 Vermundus
1058 1499 1138 1558 e'am
1161 1509 1182 1555 a
1205 1482 1299 1558 laevo
1325 1483 1436 1558 latere
1458 1483 1617 1560 desecas

319 1609 505 1707 fibulaque
522 1611 641 1680 sarciri
660 1591 850 1706 praecepit,
877 1602 1034 1706 partem,
1051 1633 1135 1705 qum
1154 1603 1274 1705 clypei
1297 1607 1465 1705 presidio
1479 1608 1618 1680 munia·
1642 1605 1645 1608 ’

316 1748 386 1822 tur,
402 1731 499 1804 ferro
514 1745 638 1827 patere
658 1735 758 1828 parri
777 1733 985 1804 existimans.
1039 1726 1108 1802 Sed
1124 1745 1160 1802 et
1175 1727 1353 1828 gladium,
1387 1755 1463 1827 quo
1479 1745 1558 1804 tuto
1573 1733 1616 1802 uti

318 1857 441 1954 possit,
467 1877 606 1926 summa
622 1852 670 1924 ab
694 1877 738 1924 eo
756 1878 841 1924 cura
864 1858 1032 1928 conscisci
1049 1854 1161 1951 jussit.
1210 1851 1348 1926 Oblatis
1363 1850 1618 1950 compluribus,

318 1977 398 2058 Ulfo
415 2001 524 2049 manu
539 1973 709 2073 capulum
724 1982 897 2074 stringens
922 1976 1114 2050 frustratim
1140 1974 1302 2074 singulos
1326 1974 1495 2074 agitando
1517 2000 1617 2050 com-

314 2103 453 2190 minuit,
478 2123 545 2170 aec
571 2114 645 2172 erat
660 2100 852 2197 quisquam
874 2123 918 2170 ex
939 2099 989 2171 eis
1002 2087 1086 2172 tanti
1099 2103 1225 2198 rigoris
1241 2097 1399 2197 gladius,
1426 2123 1538 2196 quem
1551 2119 1617 2168 non

318 2224 366 2300 ad
382 2226 505 2324 primm
522 2226 764 2296 concussionis
778 2236 913 2296 motum
931 2221 1057 2294 crebra
1083 2225 1236 2321 partium
1259 2221 1426 2296 fractione
1441 2219 1617 2296 dissolve-

119 2364 123 2382 ·
263 2385 265 2390 v
315 2361 379 2422 ret.
431 2350 516 2420 Erat
530 2361 648 2419 autem
666 2348 741 2444 regi
757 2346 909 2418 inusitati
924 2345 1095 2421 acuminis
1115 2342 1267 2444 gladius,
1282 2345 1394 2442 Sluep
1410 2343 1538 2434 dictus,
1557 2341 1617 2440 qui

316 2469 503 2571 quodlibet
525 2466 700 2541 obstaculi
715 2491 830 2568 genus
856 2493 929 2541 uno
952 2466 1105 2540 ferientis
1121 2471 1191 2540 ictu
1216 2467 1373 2542 medium
1395 2461 1615 2565 penetrando

315 2591 523 2683 diffinderct,
548 2615 614 2664 uec
630 2589 721 2662 adeo
735 2598 930 2688 quiequam
949 2589 1157 2690 praedurum
1178 2591 1278 2682 foret,
1302 2607 1342 2664 ut
1359 2589 1524 2664 adactam
1541 2588 1616 2686 ejus

314 2723 427 2790 aciem
449 2719 618 2788 remorari
634 2719 813 2812 potuisset
863 2715 979 2806 Quem
994 2738 1039 2784 ne
1055 2715 1206 2811 posteris
1221 2711 1414 2786 fruendum
1432 2711 1614 2810 relinque-

314 2841 472 2938 ret,{per
487 2861 664 2912 summam
678 2835 803 2908 alienae
820 2833 1077 2908 commoditatis
1103 2835 1271 2912 iuvidiam
1285 2837 1322 2908 iu
1341 2832 1523 2936 profunda
1550 2829 1614 2904 de-

314 2961 467 3053 foderat,
485 2959 669 3034 utilitatem
694 2958 789 3049 ferri,
813 2959 916 3059 quod
939 2958 1001 3032 filii
1018 2964 1242 3033 incrementis
1266 2957 1451 3049 diffideret,
1483 2955 1614 3030 ceteris

311 3101 515 3184 negamrus.
567 3087 807 3182 Interrogatus
823 3098 1013 3173 antemon
1028 3081 1179 3182 dignum
1187 3083 1320 3156 Uffouis
1335 3081 1469 3154 robore
1485 3081 1614 3154 ferrum

315 3207 484 3299 haberet,
516 3204 650 3278 habere
664 3227 703 3279 se
719 3204 825 3294 dixit,
860 3204 980 3304 quod,
1006 3210 1035 3278 si
1061 3203 1203 3303 pridem
1224 3229 1246 3278 a
1269 3229 1309 3277 se
1330 3219 1435 3276 terrae
1450 3203 1612 3278 tradimur

202 3411 206 3430 .
313 3336 498 3427 recognito
514 3329 678 3403 locorum
695 3328 822 3402 babitu
837 3330 992 3424 reperire
1015 3309 1210 3424 potuisset,
1224 3343 1348 3426 aptum
1364 3331 1526 3426 corporis
1540 3326 1613 3424 ejus

311 3451 452 3526 ¹viribus
468 3450 659 3526 exhiberet.
716 3457 755 3525 Iu
771 3474 941 3547 campum
962 3447 1091 3522 deinde
1108 3448 1258 3548 perduci
1275 3475 1313 3524 se
1338 3449 1487 3548 jubens,
1522 3473 1612 3538 cuttu

313 3576 531 3674 interrogatis
554 3601 620 3672 per
632 3581 749 3648 omnia
765 3573 968 3662 comitibus,
984 3571 1195 3646 defossionis
1216 3572 1339 3647 locum
1362 3573 1517 3672 acceptis
1537 3575 1610 3671 sig·

313 3721 440 3770 norum
454 3695 592 3772 indiciis
612 3703 853 3796 comperisset,
871 3709 1066 3768 extractum
1080 3719 1170 3770 cavo
1190 3693 1351 3795 gladium
1366 3695 1443 3770 filio
1457 3698 1610 3795 porrigit

312 3819 524 3912 Quem-Uffo
540 3825 645 3894 nimia
668 3835 839 3894 vetustate
863 3816 1025 3916 fragilem
1041 3841 1255 3916 exesrunque
1271 3819 1503 3915 conspiciens,
1525 3818 1609 3892 seri-

310 3939 390 4014 endi
418 3941 610 4016 diffidentia
635 3955 878 4039 percontatur,
899 3963 945 4012 au
973 3939 1075 4041 ‘bunc
1102 3966 1250 4041 quoque
1273 3945 1436 4040 priorum
1453 3937 1609 4037 exemplo

310 4063 466 4163 probare
488 4063 626 4156 debeat,
652 4066 754 4162 prius
769 4061 929 4136 habitum
943 4066 1034 4162 ejus,
1060 4088 1171 4163 quam
1189 4089 1266 4138 rem
1288 4064 1383 4138 ferro
1406 4069 1479 4164 geri
1497 4082 1607 4160 opor-

308 4203 388 4277 teat,
410 4184 668 4286 explorandum
686 4201 838 4260 testatus,
891 4187 1012 4260 Refert
1036 4186 1279 4279 Vermundus,
1318 4185 1606 4287 sipraesensfer-
1707 4265 1708 4288 χ

309 4335 389 4382 nrm
405 4309 453 4382 ab
472 4312 550 4408 ipso
568 4309 772 4386 ventilando
787 4308 1021 4403 collideretur,
1048 4337 1122 4387 aaa
1138 4335 1337 4410 superesse,
1367 4310 1470 4409 quod
1486 4311 1606 4385 virium
1707 4297 1708 4328 l

257 4445 266 4482 ¹
309 4434 390 4528 ejus
410 4430 550 4506 habitui
573 4433 813 4533 responderet.
871 4433 1131 4509 Abstinendum
1156 4441 1278 4535 itaque
1302 4434 1414 4527 facto,
1448 4433 1548 4532 eujus
1570 4429 1605 4502 iu
1707 4439 1708 4516 i

309 4553 423 4628 dubio
439 4557 551 4628 exitus
563 4573 714 4632 maneat.
1707 4557 1708 4560 ’

440 4681 548 4777 lgitur
570 4695 735 4776 erpacto
753 4703 885 4780 pugnae
908 4681 1011 4754 locus
1033 4681 1214 4780 expetitur.
1273 4683 1376 4754 llunc
1388 4677 1520 4784 fluvius
1542 4674 1601 4746 tti-
