3446 5458
260 267 449 368 'm
720 255 1242 380 nmmfflm

322 503 505 604 umphavi.
556 503 745 578 Praemium
769 525 880 602 penes
905 527 969 580 vos
982 518 1056 600 eat,
1070 504 1140 605 ipsi
1152 507 1318 578 marinam
1334 501 1445 582 nostis
1453 520 1504 600 ,ra
1517 523 1618 584 vestm

323 651 459 702 merces
475 627 606 700 virtute
621 625 823 724 requiritur.

219 820 224 831 J
453 748 615 822 Flexemt
635 745 705 820 hac
729 747 889 840 oratione
904 745 1121 822 adolescens
1144 754 1306 824 omnium
1326 753 1487 844 animose
1513 772 1618 849 quos-

324 871 407 946 dam
429 869 480 974 ad
493 871 775 962 miserationem,
795 867 886 944 alios
909 867 956 942 ad
982 867 1187 970 lachrymas
1207 895 1325 970 osque
1352 870 1532 971 perduxit
1583 876 1619 944 tr

324 992 387 1067 ubi
401 991 537 1092 quievit
552 1018 705 1085 moeror,
730 1016 792 1066 rex
809 989 915 1064 alacri
938 1009 1152 1068 cunctorum
1174 992 1430 1068 acclamatione
1455 1009 1618 1071 censetur

322 1112 520 1190 Plurimum
536 1117 674 1216 quippe
689 1119 767 1215 spei
783 1119 819 1187 in
835 1115 915 1213 ejus
931 1113 1104 1190 industria
1118 1115 1169 1190 ab
1187 1119 1359 1192 universis
1375 1116 1619 1216 reponebatur,

322 1239 385 1334 qui
409 1238 493 1310 tanti
508 1237 676 1313 facinoris
694 1261 872 1312 summam
887 1235 1168 1336 profundissimo
1183 1254 1262 1314 astat
1278 1253 1449 1334 texuerat,
1471 1236 1620 1312 incredi-
1711 1217 1712 1240 ¹

320 1357 385 1431 bili
400 1358 583 1434 molitione
600 1358 837 1436 concluserat.
887 1362 1009 1434 Mirari
1026 1358 1130 1434 illum
1155 1359 1361 1460 complures
1378 1360 1522 1438 videres
1548 1375 1620 1436 tan-

321 1496 358 1555 to
371 1487 543 1579 temporis
555 1499 671 1558 tractu
685 1481 955 1558 subtilissimum
976 1488 1103 1558 texisse
1118 1483 1318 1558 consilium.

452 1604 516 1678 His
531 1603 631 1704 apud
646 1608 798 1680 Daniam
825 1608 970 1706 gestis¹,
993 1606 1104 1680 ternis
1126 1608 1276 1704 navigiis
1296 1608 1493 1705 impensius
1517 1603 1620 1678 ador-

321 1726 424 1818 natis,
438 1749 605 1802 socerum
619 1736 761 1806 visurus
785 1755 828 1803 ae
851 1730 1046 1828 conjugem
1061 1727 1275 1803 Britanniam
1302 1734 1439 1828 repetit
1499 1731 1544 1802 ln
1558 1725 1620 1802 cli-

321 1847 473 1922 entelam
492 1875 641 1949 quoque
657 1837 765 1927 armis
780 1866 1009 1951 praestantem
1030 1851 1255 1949 juventutem
1268 1849 1482 1942 adsciverat,
1495 1854 1619 1949 exqui-

320 1972 389 2044 sito
411 1969 553 2048 decoris
576 1997 705 2074 genere
727 1972 878 2066 cultam,
914 1987 963 2065 ut,
994 1974 1085 2046 siout
1099 1990 1229 2047 cuncta
1256 1971 1469 2073 despicabili
1490 1971 1622 2046 dudum

322 2089 449 2166 habitu
466 2111 634 2192 gesserat,
656 2101 703 2170 ita
723 2093 1029 2198 nuncmagnificis
1052 2099 1234 2168 adomnia
1249 2095 1436 2196 paratibus
1460 2110 1622 2184 uteretur,

320 2230 365 2308 et,
386 2215 562 2314 quiequid
577 2215 662 2292 olim
677 2225 875 2319 paupertati
891 2219 1075 2310 tribuerat,
1091 2215 1140 2290 ad
1152 2215 1303 2292 luxuriae
1317 2221 1520 2318 impensam
1536 2203 1621 2290 eon-

321 2352 485 2414 verteme
536 2341 576 2414 Iu
600 2358 705 2417 scuto
727 2367 887 2443 quoque,
903 2341 1006 2442 quod
1036 2342 1107 2416 sibi
1127 2347 1244 2442 parari
1269 2344 1461 2441 jusserat2,
1485 2363 1620 2414 omnem

319 2485 473 2561 operum
487 2484 637 2536 suorum
653 2481 868 2561 contextum,
889 2467 938 2540 ab
956 2471 1108 2544 ineuntis
1134 2467 1246 2541 aetatis
1266 2461 1471 2564 primordiis
1491 2465 1620 2571 auspi-

319 2599 430 2676 catus,
452 2585 631 2680 exquisitis
643 2589 794 2686 picturae
811 2591 904 2666 notis
923 2589 1235 2666 adumbrandum³
1257 2591 1404 2662 curavit.
1456 2587 1542 2678 Quo
1557 2607 1620 2684 ge-

318 2705 466 2780 stamine
482 2706 632 2804 perinde
647 2734 691 2782 ac
708 2712 875 2785 virtutum
898 2737 1044 2787 suarum
1067 2729 1156 2788 teste
1172 2737 1278 2802 usus,
1309 2710 1473 2783 claritatis
1504 2712 1622 2782 tuere

316 2847 434 2906 menta
446 2834 629 2906 contraxit.
663 2835 743 2906 lstic
755 2831 898 2934 depingi
915 2834 1054 2912 oderes
1070 2831 1291 2912 Horrendilli
1305 2829 1511 2932 jugulum4,
1526 2834 1622 2904 Fen-

317 2957 522 3052 geniscum
541 2954 679 3028 incestu
697 2955 948 3055 parricidium,
970 2957 1188 3060 flagitiosum
1209 2972 1396 3056 patruum,
1418 2951 1622 3028 damoclem

316 3073 518 3168 ridiculum,
533 3074 690 3152 aduncas
712 3081 870 3178 stipitum
884 3078 1030 3174 formas,
1043 3081 1285 3180 suspicionem
1304 3077 1428 3171 vitrici,
1449 3073 1621 3150 dissimu-
1709 3107 1710 3110 ¹

316 3197 485 3270 lationem
510 3201 682 3300 privigni,
713 3218 906 3298 procumta
929 3217 1228 3276 tentamentorum
1252 3223 1401 3300 genera,
1425 3196 1622 3274 adhibitam

316 3317 449 3394 insidiis
464 3318 660 3414 foeminam,
674 3320 828 3396 hiantem
845 3323 985 3421 lupum,
1000 3325 1184 3399 inventum
1201 3317 1504 3422 gubernaculum,
1521 3345 1621 3418 prae-

314 3445 457 3516 terittnn
475 3441 655 3537 sabulum,
690 3450 815 3518 initum
833 3472 976 3539 nemus,
998 3446 1136 3534 insitam
1161 3460 1270 3520 oestm
1290 3441 1451 3540 paleam,
1482 3447 1622 3520 instru-

314 3578 410 3640 ctum
431 3562 567 3642 indiciis
589 3565 852 3644 adolescentem
859 3623 869 3662 ,
892 3567 1001 3646 elusis
1030 3566 1220 3642 comitibus
1242 3591 1319 3640 rem
1342 3589 1509 3642 seorsum
1539 3589 1622 3642 cunt

365 3863 448 3921 'His
467 3861 550 3948 apud
559 3863 686 3924 Dareium
705 3857 812 3946 gestes]
832 3863 865 3923 ln
884 3863 938 3926 Jn·
997 3859 1079 3944 dom]
1099 3864 1147 3926 De
1165 3860 1261 3925 hocce
1273 3860 1396 3946 clypeos
1412 3856 1543 3924 celandi
1557 3877 1623 3922 mc-

311 3965 355 4028 tia
375 3982 494 4050 nempe,
510 3965 667 4051 potissima
685 3967 791 4030 Daniae
810 3966 947 4052 provin„
995 3987 1030 4042 re
1043 3966 1105 4033 vid.
1123 3980 1187 4032 not.
1207 3965 1292 4029 uber.

311 4074 374 4151 cia,
396 4082 432 4134 ut
448 4089 632 4156 cognoscere
646 4072 718 4144 licat
729 4092 766 4138 ex
783 4073 854 4152 illis,
867 4095 936 4158 queo
1040 4076 1253 4138 ‘Horrenda'lli
1263 4069 1417 4160 jugulum]
1440 4071 1552 4138 Hiulca
1577 4071 1623 4136 tl·

309 4177 342 4239 in
359 4176 441 4242 libro
456 4175 650 4262 precedente
663 4177 798 4262 fuerunt,
819 4179 934 4244 ambiar
995 4175 1085 4244 detur
1107 4190 1138 4244 et
1159 4176 1300 4244 deficiam
1318 4177 1435 4260 oratio,
1465 4178 1523 4241 nisi
1543 4194 1621 4242 roca

309 4287 471 4348 ueletiam
488 4289 600 4368 auga.
618 4282 669 4366 (S)
992 4285 1093 4370 aliqua
1110 4285 1298 4372 suppleatur.
1332 4288 1436 4370 ltaque
1452 4285 1502 4350 rel
1518 4283 1563 4348 sic
1577 4283 1623 4348 le-

354 4395 412 4452 ²Iu
426 4407 507 4454 scuto
525 4414 647 4476 quoque,
665 4394 746 4478 qaod
762 4393 934 4481 sibiparari
992 4389 1124 4476 gcndum
1148 4389 1302 4455 existimor
1329 4391 1623 4473 Horoendt'llijugu·

302 4491 448 4576 jusserat]
466 4493 522 4557 Ed.
546 4518 596 4582 pr.
619 4498 734 4562 omittit
754 4499 851 4583 quod,
877 4494 930 4560 sed
991 4499 1050 4561 lum
1082 4499 1248 4583 confossum
1277 4509 1329 4562 atti
1357 4499 1533 4570 daciscum,
1567 4493 1621 4556 vel

307 4609 392 4662 recte
404 4599 530 4663 omnino
549 4600 666 4669 addidit
682 4601 873 4690 stephanius.
990 4603 1211 4666 Horrendillum
1219 4603 1405 4688 jugulatum,
1424 4601 1474 4665 vel
1494 4597 1623 4666 taudem
1711 4671 1712 4676 ἵ

352 4707 746 4796 ’anot'rt'ttbpt'ctoroenotis
757 4710 931 4774 adumbran-
991 4709 1410 4794 Honandt’llijugulatthnem.
1428 4712 1622 4798 lptccxpcss·
1711 4725 1712 4790 t

991 4812 1044 4880 dat
1058 4815 1165 4880 tector.
1187 4812 1238 4897 (s)
