3506 5458
688 321 907 398 catulus.
1342 317 1414 386 5⁴35

156 529 290 607 urdinis
306 527 450 606 vinculo
464 527 691 628 parcebatur,
716 555 793 628 quo
807 523 925 605 muns
941 527 1177 604 damnationis
1200 543 1321 624 partes
1345 526 1464 626 legiti-

152 677 214 726 mo
230 655 349 753 rigore
362 650 608 752 procederent
661 657 766 728 Nunc
785 677 883 744 vero,
900 651 1025 726 solutis
1043 651 1288 750 hebetatisque
1303 653 1462 748 pristinis

150 775 283 850 militie
299 777 455 865 nervis¹,
478 777 642 874 graviora
661 779 749 850 inter
765 773 1025 856 commilitones
1039 789 1149 872 quam
1178 773 1319 850 exteros
1343 770 1462 846 dede-

149 923 236 973 core
255 901 454 996 pariuntur,
479 923 563 974 cum
580 915 616 976 et
631 900 747 972 omnis
763 896 959 974 adversum
984 896 1170 996 improbos
1186 900 1276 973 aetio
1296 894 1394 970 silent
1419 912 1463 986 et,

149 1023 213 1119 qui
234 1021 352 1120 culpae
374 1026 520 1118 punitor
539 1045 619 1098 esse
645 1020 840 1110 debuerat,
866 1036 1039 1119 patronus
1062 1022 1196 1110 existat,
1221 1041 1289 1092 nec
1310 1021 1372 1108 sit,
1398 1019 1461 1114 qui

147 1143 338 1218 dissolutos
355 1143 487 1218 militiae
502 1167 621 1218 mores
635 1143 858 1242 praefractius
873 1142 1092 1243 rigidiusque
1112 1143 1337 1239 constringet.
1361 1142 1461 1216 Hanc

147 1272 270 1366 itaque
297 1265 454 1340 militaris
481 1264 676 1363 disciplinae
703 1267 1012 1358 consverudinen,
1036 1265 1202 1342 diuturna
1230 1264 1460 1358 usurpatione

146 1388 333 1478 meum,
350 1393 458 1462 nostri
478 1390 649 1485 temporis
665 1394 844 1487 principes
870 1389 1050 1488 abrogare
1071 1390 1215 1461 minime
1236 1383 1458 1459 erubescen-

147 1509 236 1586 dum
250 1511 438 1586 duxerunt.
497 1511 569 1584 Ubi
585 1513 676 1586 enim
700 1510 894 1586 domestice
920 1515 1024 1612 quies
1045 1509 1263 1587 seditionum
1286 1505 1456 1580 iluc'tibus

143 1639 320 1733 agitetur,
355 1634 482 1732 priscae
507 1633 775 1711 oonsvotudtois
796 1635 914 1710 forme
944 1632 1163 1710 convellitur.
1217 1634 1359 1728 Quippe
1385 1625 1458 1700 nd-

146 1781 292 1830 versum
331 1754 482 1834 effrenes
516 1760 752 1854 concitatique
782 1759 914 1857 ingenii
951 1762 1083 1830 tirones
1124 1759 1309 1828 severitate
1338 1751 1456 1850 potius

145 1903 257 1976 quam
279 1880 388 1952 nimio
411 1878 534 1956 [uvore
567 1905 611 1952 ac
640 1880 791 1978 profuse
819 1879 1040 1978 indulgentia
1074 1877 1246 1954 utendum
1279 1893 1341 1952 cst·
1416 1875 1455 1946 ln

144 2025 256 2100 quem
281 2001 433 2076 modurn
457 1997 582 2076 Canuti
614 2001 785 2078 industris
809 2028 877 2101 pro
905 2003 1193 2078 administrandis
1215 1998 1373 2074 militaris
1393 1991 1455 2066 di-

142 2123 300 2223 sciplinee
327 2126 477 2224 negotiis
519 2128 657 2198 sincere
690 2149 734 2198 ec
776 2125 935 2200 valenter
968 2126 1185 2202 excubuisse
1218 2123 1454 2222 cognoscitur.

143 2253 320 2322 Praeterea
336 2248 433 2322 militi
450 2273 582 2348 regem,
607 2245 667 2320 vel
680 2250 757 2346 regi
771 2247 952 2341 mititem2,
976 2275 1050 2324 non
1073 2251 1139 2322 nisi
1165 2246 1279 2346 pridie
1308 2238 1453 2320 Calend.

143 2373 328 2444 Jenuuies
347 2368 605 2444 abdicandus
622 2386 708 2446 erat.
760 2369 936 2469 Ejusdem
959 2395 1106 2470 quoque
1121 2368 1353 2470 postmodum
1376 2363 1452 2436 ob-

143 2493 494 2592 serventie'gravites
518 2491 566 2566 ab
594 2491 677 2566 aula
697 2496 847 2593 regum³
877 2501 912 2568 in
943 2493 1127 2592 eliquanto
1148 2495 1367 2568 obscurioris
1390 2485 1452 2560 fa-

191 2793 291 2852 ¹Nunc
305 2813 385 2861 vere,
397 2789 698 2872 wluttsdebetatisque
705 2795 770 2876 pri·
825 2789 925 2872 mt'lt'ti]
939 2792 1028 2854 Sveu.
1045 2793 1121 2875 Agg.
1135 2791 1156 2853 l.
1169 2807 1194 2849 u.
1214 2811 1244 2872 p.
1259 2780 1320 2848 148
1332 2803 1398 2865 cup.
1418 2777 1450 2841 7²

142 2901 228 2958 strirr's
246 2899 357 2958 milr'tioe
377 2891 486 2974 meurs]
507 2892 644 2956 Primum
667 2893 770 2979 quoad
823 2901 936 2961 Statuit
950 2923 1020 2983 ergo
1038 2903 1067 2960 in
1093 2899 1316 2960 circumcisionis
1334 2891 1451 2972 uigilia,

142 3001 304 3065 lectionem
325 2997 547 3063 observandum
562 3011 619 3076 est,
633 3001 769 3084 Stepha-
824 3028 886 3088 qaoe
917 3027 1021 3066 erocum
1051 3027 1158 3066 annm
1182 3003 1312 3071 nonnos
1338 3001 1452 3082 erpere·

141 3105 226 3170 nium
236 3110 439 3191 proprietaneis
453 3100 485 3166 in
501 3127 554 3169 sua
568 3105 700 3170 editione
713 3130 769 3191 pc·
824 3115 937 3183 nalitus,
958 3113 1068 3174 «ἰυυιίιιέ
1093 3115 1249 3172 nouitatem
1270 3105 1450 3192 asseuerante,

141 3212 236 3274 suine
244 3215 389 3298 prr'str'aoe.
430 3211 529 3275 Series
545 3231 616 3276 vero
626 3213 768 3298 cogitati·
824 3219 896 3279 daos
911 3219 1115 3280 commilitones
1129 3218 1171 3280 ad
1189 3217 1347 3281 dominnm,
1367 3209 1450 3288 cujus

141 3329 236 3380 unum
253 3317 285 3379 iu
304 3316 498 3401 sequentibus
520 3317 585 3380 haec
608 3340 671 3382 esse
687 3321 778 3383 viden
824 3350 854 3388 se
882 3325 1008 3384 dominio
1030 3349 1133 3386 exuere
1162 3327 1255 3406 cupri,
1273 3317 1449 3400 ablegandus

141 3438 207 3486 tur:
227 3425 303 3487 Cum
321 3420 480 3508 disciplina
495 3424 632 3487 militaris
648 3427 690 3488 itu
702 3447 770 3489 cot·-
824 3455 896 3500 csse,
917 3433 1012 3512 quiet
1034 3435 1064 3491 ei
1076 3431 1230 3490 dominium
1252 3449 1315 3488 cnm
1331 3425 1448 3484 servitio

141 3531 260 3606 ruisset,
270 3543 304 3592 ut
318 3529 496 3613 ipsimililes
511 3531 586 3614 regii
599 3552 630 3594 se
641 3532 768 3596 invicem
825 3539 903 3596 illius
920 3539 1072 3618 resignent.
1114 3539 1152 3594 Et
1169 3537 1210 3593 sic
1227 3534 1331 3614 absque
1349 3545 1448 3590 contu·

141 3637 359 3700 contumeliose
383 3647 567 3716 tractarent,
612 3657 667 3700 nee
688 3637 768 3700 inter
824 3644 914 3702 melite
944 3642 1117 3702 uerecundia
1145 3641 1308 3721 dominique
1338 3637 1449 3720 φησι

142 3765 194 3806 eos
211 3741 359 3820 adessent,
379 3745 431 3827 qui
446 3744 604 3830 improbos
627 3765 767 3808 coercere
818 3765 941 3834 poterat
957 3751 1148 3830 unusquisque
1167 3747 1208 3808 ad
1226 3749 1346 3806 aitcrr'tts
1361 3745 1449 3804 dorni·

141 3849 274 3926 vellent,
295 3848 417 3912 tandem
437 3871 473 3914 co
498 3865 703 3928 ventumst,
734 3864 768 3913 ut
823 3859 901 3914 rn'am
922 3855 1007 3915 libere
1026 3856 1186 3916 conuolare.

141 3957 200 4041 ipsi
223 3956 377 4041 principes
397 3959 479 4019 selva
495 3957 678 4021 conscientia
700 3959 767 4024 hoo
867 3959 1026 4040 ’Ejusdem
1041 3979 1150 4042 quoque
1157 3957 1343 4043 postmodum
1357 3957 1451 4014 obser·
1529 3953 1533 3958 ’

141 4061 279 4146 pristinus
301 4059 470 4154 disciplinte
491 4061 589 4124 fulcra
610 4061 767 4126 suburere·
821 4072 928 4128 oantt'oe
941 4065 1078 4149 graecias
1091 4065 1129 4125 ab
1148 4065 1218 4124 nula
1229 4058 1342 4144 regum]
1357 4058 1448 4148 Quod

110 4191 114 4198 ’
140 4169 214 4248 rint,
232 4168 427 4252 quippequae
442 4165 522 4228 inter
537 4165 700 4231 seditiones
712 4169 766 4233 do·
824 4171 874 4232 hic
895 4169 990 4234 affert
1007 4172 1100 4244 Saxo,
1116 4165 1287 4250 fragmento
1307 4167 1381 4252 legis
1400 4187 1448 4229 oe-

141 4275 281 4338 rnesticss
317 4274 378 4357 jam
425 4271 536 4336 diutius
575 4276 770 4338 notavissent.
825 4275 949 4340 etr-ensis
966 4273 1084 4338 Itanico
1106 4276 1222 4358 optime
1241 4274 1447 4351 confirmetur,

143 4383 232 4442 Hanc
267 4379 405 4464 pristine
438 4379 607 4443 severitetis
633 4381 771 4444 immuta·
828 4403 921 4469 quum
934 4383 1082 4466 expressis
1098 4381 1196 4445 verbis
1213 4379 1330 4460 doceat,
1350 4385 1447 4466 legem

141 4483 256 4550 tionem
265 4489 345 4550 Sero
357 4485 640 4571 deplorat‚leudens
657 4489 766 4550 Canuti
822 4509 883 4550 non
898 4488 997 4552 solum
1018 4489 1049 4550 in
1073 4489 1141 4550 sule
1161 4489 1240 4572 regis
1259 4509 1322 4552 esse
1343 4487 1446 4551 obser·

141 4593 174 4654 iu
196 4591 354 4676 discipline
384 4583 508 4656 iniliteri
531 4593 766 4657 administranda
822 4594 968 4672 rendem‚'
980 4613 1084 4656 rerum
1096 4595 1186 4658 ctiam
1206 4596 1234 4656 in
1252 4595 1343 4658 curiis
1361 4597 1447 4658 nobi-

140 4697 326 4762 industrium.
823 4701 895 4763 lium
904 4701 1087 4776 (lattnortnc
1100 4728 1161 4764 rnen
1165 4749 1175 4773 ,
1191 4705 1253 4764 ther
1266 4705 1351 4766 ln'rdh
1372 4709 1446 4770 slot-

187 4809 358 4870 ¹Proeterea
383 4809 471 4869 nu'lt'ti
492 4831 585 4890 regent
606 4811 652 4870 sul
673 4831 768 4892 repom
824 4811 859 4871 dc
876 4811 981 4885 natira).
1000 4807 1159 4887 (Roseus.)
