3446 5458
367 297 442 374 aaa
717 297 892 410 ursana.
908 298 1013 385 aaa.
1030 298 1166 370 arana
1190 299 1230 370 a.

316 514 454 602 mora¹‚
480 529 548 584 uec
569 505 763 604 quitaluam
785 506 821 580 in
846 505 1006 580 adversis
1032 505 1241 582 necessitatis
1276 505 1443 586 dilatione
1479 503 1607 600 felicius,

316 632 475 708 triduum
498 631 684 730 apparatui
701 645 797 728 pcto,
815 628 1015 704 dummodo
1038 632 1178 730 assequi
1194 633 1365 730 passima
1386 655 1472 731 rege
1499 653 1608 706 recens

316 772 477 830 mactata
492 751 640 852 pecudis
664 767 792 848 tergus.
854 753 921 824 Cui
936 751 1090 826 Frotboa
1115 754 1261 827 Curium
1278 767 1447 845 meretur,
1473 755 1538 852 qui
1551 777 1609 827 co-

315 883 370 952 n'o
387 875 555 968 concidit,
587 889 709 973 aperte
731 875 952 972 superiorem
980 877 1121 974 petitori
1140 875 1361 974 exprobrans
1388 899 1521 948 casana
1575 880 1610 950 tt

316 1001 384 1092 ille,
401 998 553 1072 exhibita
570 997 674 1096 pelle,
699 993 862 1095 crepidas
880 1015 982 1090 creat,
1001 1023 1091 1098 quas
1109 998 1262 1070 abietiao
1281 999 1427 1098 gummi,
1446 997 1609 1071 interfusis
1703 1023 1704 1026 ’

316 1124 448 1194 mixtim
470 1126 595 1210 arenis,
612 1117 785 1210 oblinens,
813 1143 886 1218 quo
910 1119 1047 1194 firmius
1080 1122 1225 1220 vestigia
1243 1135 1411 1220 poneret,
1436 1120 1509 1194 suis
1527 1143 1610 1193 suo-

316 1267 468 1341 rumque
484 1239 637 1342 pedibus
653 1241 840 1341 adaptavit.
891 1241 1124 1318 Considerato
1145 1242 1297 1335 tandem,
1314 1267 1422 1342 quem
1439 1245 1608 1317 certamini

316 1366 439 1440 locum
455 1364 597 1464 legeret,
621 1367 788 1439 terrestris
802 1393 933 1466 pugnae
950 1382 983 1440 ct
998 1373 1103 1440 totius
1121 1366 1278 1440 militaris
1299 1391 1419 1465 operae
1436 1365 1564 1438 rudem
1578 1391 1610 1439 se

315 1489 481 1577 referens,
499 1511 668 1584 campum
683 1487 788 1585 gelati
814 1492 919 1562 maris
944 1491 1109 1587 exposcit.
1186 1495 1226 1562 ln
1241 1489 1337 1562 hunc
1352 1496 1513 1587 utrisque
1526 1515 1609 1562 con-

314 1637 458 1686 sensum
477 1625 537 1684 est
586 1611 660 1680 Rex
679 1611 908 1710 apparatibus
930 1611 1086 1685 inducias
1116 1611 1293 1702 tribuens,
1327 1611 1515 1684 Westmari
1527 1609 1610 1684 lilios

315 1733 495 1808 secedere·
499 1732 615 1830 jubet,
629 1735 864 1832 incongruum
881 1759 1061 1822 asserens,
1082 1737 1189 1808 etiam
1201 1733 1293 1806 male
1310 1734 1474 1808 metitum
1487 1731 1610 1832 hospi—

316 1860 365 1932 tio
384 1849 557 1930 advenam
578 1854 673 1952 pelli.
738 1856 877 1929 Deinde
901 1855 948 1930 ad
968 1857 1247 1957 investigandum
1270 1854 1432 1955 supplicii
1458 1857 1610 1946 modum,

316 1980 421 2078 cujus
435 1977 595 2078 exigendi
609 1976 794 2051 arbitrium
816 1965 946 2079 reginae
963 1979 1202 2071 mandaverat,
1234 1963 1333 2054 redit.
1384 1981 1474 2072 Quae
1496 2003 1611 2076 quum,

316 2103 445 2176 omissa
463 2123 621 2191 cerasum,
638 2103 776 2174 veniam
795 2101 913 2200 lapsui
930 2119 1144 2202 precaretur,
1170 2101 1299 2201 adjecit
1317 2101 1461 2176 Ericusa
1484 2101 1610 2176 Mulie·

316 2225 426 2298 briter
444 2227 567 2296 erratis
582 2225 712 2320 saepius
725 2223 981 2322 ignoscendum
1006 2249 1082 2300 esse
1106 2249 1173 2298 nec
1190 2249 1338 2323 poenam
1353 2224 1611 2324 infligendum²,

314 2347 381 2420 uisi
397 2350 569 2420 conectio
585 2345 730 2444 culpam
749 2348 961 2444 nequivisset
979 2363 1147 2421 avertere.
1214 2347 1424 2446 Ignovitque
1438 2351 1611 2422 Hannun-

316 2469 373 2542 dae
394 2493 473 2556 rea.
516 2474 714 2566 appetente
729 2467 953 2567 crepusculo,
973 2470 1081 2567 Apud
1097 2467 1315 2558 Gtitlaarum,
1347 2468 1461 2568 iuquit
1483 2471 1610 2556 Ericus,

315 2589 490 2692 epulaturi
518 2594 552 2662 in
576 2589 738 2674 condrio
759 2591 894 2666 militis³
918 2617 992 2666 non
1014 2591 1131 2666 solum
1164 2590 1350 2664 coenaaula
1375 2608 1612 2689 procurantur,

314 2713 508 2790 sedetiam
531 2737 597 2811 per
620 2715 791 2812 ascriptos
814 2739 1000 2789 consessus
1017 2716 1100 2788 certi
1121 2713 1386 2814 distinguuntur
1399 2713 1611 2788 accubitare

314 2839 389 2911 Rea
405 2835 494 2928 loca,
517 2834 652 2934 quibus
666 2832 804 2909 athletae
818 2838 873 2911 sui
890 2835 1095 2928 insederant,
1111 2837 1323 2936 occupanda
1341 2835 1513 2910 concedit.
1540 2839 1612 2908 De-

254 2943 257 2948 ’
315 2957 397 3032 inde
413 2983 522 3034 verna
539 2957 687 3055 epulum
701 2957 809 3032 affert.
858 2959 1049 3050 AtEricus‚
1064 2965 1237 3034 comitatis
1253 2965 1360 3060 regiae
1376 2985 1452 3034 non
1465 2961 1611 3060 ignarus,

315 3106 387 3179 qua
403 3079 635 3180 prandiorum
650 3083 701 3168 uti
714 3080 868 3183 reliquiis
882 3082 1087 3174 vetabatur,
1101 3080 1266 3174 frustum,
1282 3085 1398 3182 cujus·
1412 3081 1610 3181 particulam

315 3199 512 3295 delibasset,
537 3203 676 3302 abjecit,
698 3201 848 3305 integras
875 3229 975 3292 escas
1007 3201 1126 3278 lacera
1148 3203 1314 3280 ciborum
1329 3205 1529 3306 fragmenta
1544 3229 1609 3278 aa·
1631 3297 1638 3314 ι

314 3493 938 3586 quaesubteqnnntur,similimodoeadem
995 3501 1101 3588 gilius:
1111 3529 1217 3592 pacem
1225 3501 1610 3591 Trotiaaoaregcpeteadum.

233 3607 238 3616 “
314 3605 463 3669 sententia
479 3605 593 3692 duplici
607 3607 726 3673 radone
742 3609 937 3694 proponitur.
996 3607 1047 3690 (S)

361 3716 371 3747 ¹
386 3713 549 3774 Laboranti
562 3719 672 3800 optanta
687 3734 731 3778 est
748 3719 822 3778 ntuli
841 3712 936 3792 utura]
1038 3717 1217 3803 ³Epttluturi
1226 3718 1256 3777 t'a
1266 3718 1395 3777 comu'tu'o
1410 3711 1524 3794 malitis]
1532 3713 1608 3776 Meles

315 3819 460 3880 nonanto
479 3821 520 3879 Μ.
539 3817 690 3902 Brynollo
711 3819 744 3882 in
767 3821 848 3884 notis
870 3823 937 3884 Ste·
995 3819 1056 3885 boc
1089 3823 1159 3885 loco
1180 3841 1237 3906 par
1269 3815 1481 3902 synecdochen
1505 3816 1610 3882 numeri

298 3915 421 4008 'pharii
437 3919 577 4008 adagium
593 3938 648 4006 ast,
662 3925 745 4010 quod
759 3928 843 4012 viget
856 3925 938 3990 inter
994 3926 1164 4014 etquidem
1182 3923 1343 4011 singularis
1363 3945 1423 4010 pro
1439 3921 1550 4010 plurali
1563 3941 1611 4008 pa·

301 4027 463 4094 *blandust
483 4035 585 4094 Frestr
596 4057 629 4095 er
643 4035 725 4096 tiillu
736 4035 820 4097 bertr.
850 4031 937 4098 cnfr.
994 4036 1088 4098 situm
1107 4046 1153 4099 est
1164 4051 1223 4119 pro
1236 4029 1395 4110 militibus,
1409 4041 1444 4092 ut
1458 4051 1543 4094 mox:
1563 4033 1611 4092 As·

312 4135 388 4200 satu
414 4134 452 4200 af
472 4137 642 4202 lalcnzltum
673 4137 870 4205 ocdaltaidum
905 4137 941 4204 af
995 4143 1105 4204 soletur
1123 4141 1251 4203 Guthari
1277 4141 1367 4200 miles.
1417 4136 1555 4200 Eandem
1578 4129 1609 4197 ad

302 4241 488 4306 ¹Gudmandi
502 4246 642 4329 Jonssyai
656 4267 688 4332 p.
705 4243 773 4309 113.
996 4245 1122 4310 madum
1135 4243 1220 4332 loqui
1242 4256 1323 4310 amat
1342 4245 1465 4308 Florus.
1482 4239 1531 4325 (S)

357 4353 452 4416 ²Nec
475 4377 594 4440 ponam
622 4349 823 4438 infligendum]
852 4353 937 4417 Grae·
1043 4356 1126 4416 ‘'Per
1141 4356 1285 4440 ascriptos
1308 4371 1459 4414 consessus
1487 4351 1560 4413 certi
1572 4345 1611 4408 di·

313 4456 421 4520 ciunus
443 4469 490 4521 est
506 4456 753 4536 evidentissimus,
786 4477 938 4546 quorsus
1000 4465 1193 4544 rtioguuatur
1213 4453 1374 4544 accubitus]
1394 4457 1467 4519 Hoc
1491 4467 1549 4518 esta
1569 4465 1611 4515 aa·

279 4621 284 4626 .
315 4559 402 4624 tideo
417 4561 558 4650 antiquos
572 4583 653 4649 sape
673 4585 736 4628 non
752 4577 858 4649 poetas
871 4585 939 4629 mo·
998 4561 1162 4629 cumbaudi
1179 4561 1258 4627 ordo
1283 4562 1479 4626 comtituitur
1496 4554 1610 4644 singulis

313 4663 354 4728 do
370 4665 424 4728 sed
445 4667 520 4732 alios
534 4667 625 4731 etiam
638 4669 819 4754 scriptorem
834 4671 936 4740 Varro
997 4669 1316 4736 connubentibus
1338 4665 1525 4755 assignando.
1568 4666 1610 4725 De

314 4770 352 4836 de
368 4791 402 4835 re
415 4773 528 4836 rustica
540 4777 591 4853 111,
612 4773 643 4854 9,
661 4771 698 4837 8:
718 4778 797 4838 Acus
812 4779 937 4839 subster-
995 4777 1057 4841 boc
1075 4797 1160 4842 more
1173 4776 1205 4840 iu
1227 4776 1303 4840 aulis
1326 4775 1495 4862 priscorum
1513 4785 1609 4857 regum
1705 4839 1706 4866 ,

314 4880 571 4972 neudum-gallinis
580 4883 820 4964 parturientibus.
868 4881 938 4947 Vit-
999 4896 1125 4969 recepto
1137 4881 1208 4946 vide
1225 4895 1290 4946 not.
1304 4883 1389 4946 aba.
1482 4931 1487 4936 -
