3476 5460
545 331 549 338 '
632 327 880 407 szAuuus.
944 386 952 394 -
1288 335 1363 410 466

76 525 81 534 ’
105 539 183 635 ejus
197 535 378 612 soniam
397 559 584 636 spernens,
600 547 738 640 irrupta
753 565 837 616 cuna
855 541 1029 618 seditiosis
1046 549 1171 644 putria,
1187 549 1413 646 reginmun-

105 661 253 756 cupavit
263 661 421 758 iusigne3
437 685 504 734 uec
515 663 671 753 erubuit,
687 663 850 740 lacessita
864 663 1008 763 legitimi
1023 664 1285 760 ducisinfantia',
1300 666 1413 742 adul·

106 781 253 854 ton'num
269 784 426 880 arripere
441 799 661 882 pmematem,
687 785 759 860 hoc
784 811 824 860 se
847 809 957 885 regno
980 785 1215 885 indigniorem
1238 813 1414 888 compm·

103 901 207 992 lssns,
231 901 333 1000 qnod
346 902 530 979 imbellem
544 931 589 980 co
605 906 761 1007 spoliare
776 910 949 982 sustinuit.
1007 910 1119 1006 igitur
1141 907 1243 983 illum
1261 927 1413 1010 curpho,

102 1047 144 1098 se
158 1029 276 1122 ipsum
294 1026 482 1102 virtutibus
503 1033 607 1120 exuit,
634 1045 678 1122 et,
694 1029 782 1102 dum
797 1031 902 1103 anuis
918 1027 1136 1104 incunabula
1153 1032 1299 1128 opperit,
1316 1039 1412 1106 omni

101 1163 227 1244 poeta
243 1147 405 1221 virilitate
420 1149 585 1224 vnudavit.
643 1155 768 1250 Neque
786 1160 891 1244 enim,
914 1153 979 1248 ubi
992 1149 1168 1251 cupiditss
1192 1152 1413 1252 ambitioque

101 1267 275 1366 flagravit,
300 1275 561 1371 consanguinee
576 1280 703 1349 caritas
718 1276 839 1350 sedem
858 1276 992 1348 habuit.
1044 1271 1115 1346 Sed
1129 1271 1223 1346 hanc
1239 1273 1413 1348 inhume-

100 1395 267 1464 nitatsrn¹
287 1417 455 1492 supernae
469 1395 614 1470 ultionis
637 1403 689 1470 ira
714 1405 881 1496 pensavit
941 1381 1033 1469 luter
1050 1397 1171 1493 ipsum
1195 1419 1354 1494 namque
1368 1421 1413 1472 se

102 1513 360 1606 Guthormum,
374 1517 519 1592 Harsldi
534 1517 662 1609 filium,
675 1519 794 1594 subito
808 1536 903 1594 tanta
920 1517 1024 1592 clade
1039 1518 1244 1592 contectum
1258 1533 1312 1590 est
1324 1516 1412 1592 bel-

101 1634 217 1728 lum²,
244 1653 429 1712 uteorum
455 1656 609 1738 utroque
631 1667 714 1718 cum
738 1642 928 1718 innumeris
956 1640 1031 1714 aliis
1060 1641 1290 1736 interempto,
1314 1641 1412 1740 regia

101 1759 289 1832 Danorum
305 1767 420 1857 stirps,
435 1766 659 1837 atrocissimis
678 1755 847 1840 exhausta
863 1761 1036 1852 caedibus,
1062 1759 1108 1834 ad
1130 1763 1273 1836 unicum
1293 1785 1411 1860 supe-

100 1880 206 1956 rioris
219 1876 355 1957 sivardi
372 1881 486 1956 filium
506 1881 734 1984 redigeretur.
852 1869 856 1876 ⁵
1068 1877 1071 1890 ’
1155 1887 1157 1892 ’

232 2005 300 2076 llic
318 2007 660 2105 consangriueorum
682 2010 822 2107 jactura
847 2008 1020 2109 regnandi
1045 2008 1224 2081 fortunam
1247 2003 1410 2102 sdeptus,

78 2143 79 2148 ’
99 2139 227 2223 utpote
242 2129 531 2226 propinquorum
544 2153 633 2204 nece
650 2154 760 2228 quam
774 2131 1015 2206 incolumitate
1030 2129 1176 2218 felicior,
1193 2125 1325 2201 relictis
1337 2125 1410 2200 ali-

98 2271 210 2322 orn·
228 2249 417 2348 exemplis,
448 2275 516 2350 per
544 2256 626 2326 aviti
650 2255 783 2350 negotii
813 2257 981 2355 vestigis³
1021 2250 1186 2325 decurrit
1250 2253 1411 2347 Repente

99 2393 260 2468 namque
281 2371 561 2448 studiosissimus
581 2374 718 2472 piratici
749 2381 906 2450 muneris
931 2387 1099 2449 executor
1123 2370 1301 2468 apperuit.
1364 2375 1410 2444 Et

100 2493 238 2565 atinam
253 2495 293 2566 in
314 2493 495 2570 abolendo
517 2495 773 2570 Christianismi
799 2496 921 2572 cultu⁴
947 2497 1172 2570 temerarium
1197 2493 1409 2590 Regneiiani

100 2616 248 2712 spiritns
263 2641 336 2690 non
350 2623 482 2733 egisset
493 2617 686 2692 heredem.
749 2617 931 2717 Siquidem
956 2616 1259 2718 religiosissimum
1270 2639 1409 2712 quens*

100 2758 177 2833 que
201 2753 263 2812 aut
283 2740 467 2838 suppliciis
493 2746 630 2839 insequi
657 2758 720 2815 aut
749 2740 861 2816 rebus
881 2763 1008 2814 exuere
1046 2735 1219 2836 exilioque
1236 2737 1409 2814 mulum
1463 2783 1470 2798 ·

98 2865 373 2958 perseveranti.
448 2861 518 2938 Sed
550 2864 678 2937 iussus
720 2863 933 2964 principium
970 2885 1112 2953 causer,
1146 2861 1252 2957 eujus
1276 2861 1410 2935 uitem

100 3132 162 3195 col.
187 3128 271 3214 118),
285 3117 393 3214 unum,
410 3133 492 3220 quod
509 3135 634 3198 Ericusn
653 3135 722 3198 Pri·
780 3149 842 3200 ism
870 3133 1011 3222 husgerii
1039 3157 1055 3196 a
1088 3131 1256 3196 lismberto
1276 3134 1408 3197 conscri-

99 3259 195 3316 mnm,
207 3236 301 3302 fllium
314 3237 509 3320 Gothofrsdi‚
524 3243 555 3306 in
566 3241 724 3306 annalibus
781 3254 866 3332 ptam
882 3241 988 3326 legisse
1003 3260 1066 3303 noa
1090 3238 1219 3302 ridetur.

98 3345 212 3410 exteris
225 3344 334 3430 sapius
346 3359 555 3426 memoratum,
567 3346 674 3412 iecerit
689 3345 724 3408 fi·
827 3351 840 3386 ²
853 3349 1024 3433 Confectum
1036 3361 1080 3408 est
1095 3340 1211 3424 bellum]
1226 3347 1332 3432 Hocce
1344 3343 1408 3410 hel·

99 3450 178 3514 lium
191 3450 327 3530 Rusaddi,
344 3452 464 3536 nepotis
487 3451 672 3517 Gothoiredi
694 3466 726 3518 et
784 3455 848 3520 lunt
870 3451 1106 3528 interneciuum,
1130 3447 1216 3530 cujus
1240 3449 1332 3513 etiem
1355 3475 1406 3516 au·

99 3558 235 3620 filiorum
249 3557 313 3644 ejus
333 3559 428 3622 hostis
451 3557 643 3623 infensissimi
650 3583 661 3642 ;
684 3561 728 3626 sl·
785 3560 868 3626 nales
886 3556 981 3622 exteri
1001 3554 1219 3632 meminerunt,
1248 3577 1327 3620 snus
1344 3547 1408 3622 854

101 3680 219 3744 terum,
246 3665 329 3750 quod
344 3663 469 3730 Erieum
492 3669 625 3730 Puerum
646 3665 728 3730 dixe·
786 3678 913 3754 gestum.

100 3771 143 3832 rit
164 3767 260 3832 lilium
281 3769 411 3850 Sivsrdi,
441 3791 510 3834 cnm
526 3773 629 3858 potius
649 3772 729 3838 filius
832 3775 913 3834 'Per
933 3772 1009 3832 auae'ti
1035 3769 1147 3850 negotii
1173 3763 1312 3852 vestigia]
1340 3769 1410 3867 llqc

99 3873 185 3940 Erici
206 3874 302 3938 Primi
325 3873 416 3939 fuisse
439 3875 586 3940 videatur.
636 3879 730 3942 Plura
789 3875 968 3940 estsEricus
985 3871 1034 3936 eri
1048 3857 1235 3958 suillegueri
1248 3891 1297 3935 res
1311 3884 1410 3957 gestas

99 3981 138 4045 de
154 3981 247 4046 Erico
265 3980 370 4046 Primo
384 3983 452 4046 ride
464 3982 495 4046 in
510 3983 590 4046 notis
607 3983 730 4048 uberio-
788 3981 900 4046 imitari
914 3991 1040 4046 conatus
1053 3989 1109 4056 est,
1129 3973 1235 4039 iisdem
1249 3975 1410 4040 virtutibus

97 4088 194 4152 ribus.
788 4110 823 4154 sc
850 4088 940 4153 rebus
967 4085 1115 4171 praeclare
1144 4083 1236 4166 gestis
1263 4082 1410 4144 excellere

150 4199 258 4258 ¹Hauc
286 4190 535 4272 inhumanitatem]
558 4191 730 4255 Inhumani·
787 4193 920 4273 studuit,
949 4189 1058 4278 quibus
1076 4205 1149 4249 arus
1175 4181 1225 4265 (ex
1248 4185 1410 4270 hypothesi

101 4313 199 4367 istem
215 4312 308 4380 certe,
330 4313 363 4362 ut
377 4300 440 4384 jem
458 4297 598 4376 vidimus,
621 4317 657 4359 ex
672 4295 730 4358 fal·
788 4296 927 4380 Saxonis)
949 4301 1107 4382 Regnerus
1127 4294 1331 4358 immortalem
1351 4291 1410 4354 sibi

100 4428 136 4472 sa
149 4405 311 4492 hypothesi
323 4407 415 4472 Erico
441 4405 632 4490 adscriptam.
680 4405 728 4487 lg·
786 4401 898 4468 famam
907 4416 1078 4490 pepererat.
1100 4399 1151 4485 (S)

102 4515 226 4582 necarit
246 4513 310 4578 siue
332 4511 425 4576 dubio
449 4513 546 4592 Saxo,
561 4509 642 4572 hunc
660 4507 729 4570 Eri·
831 4507 1016 4588 *Cultu1Ed
1029 4533 1078 4594 pr.
1089 4507 1310 4578 habetcultum,
1325 4501 1423 4588 quod,

102 4619 227 4686 suntab
243 4620 392 4708 Ansgario
410 4617 448 4681 ad
462 4640 545 4682 sacra
556 4614 728 4680 Christiana
785 4613 946 4677 manifesto
959 4615 1101 4678 vitiosum
1120 4626 1175 4678 est.

104 4724 295 4810 suscipiende
324 4725 372 4788 vel
404 4724 511 4788 saltem
541 4717 728 4785 admittenda
833 4721 1012 4806 6Ετίῐίοᾳιιιε
1034 4723 1176 4786 asulctare
1195 4711 1407 4806 perseuerauit]

104 4827 197 4896 fuisse
221 4828 400 4908 adductum,
426 4829 520 4916 igitur
547 4831 657 4891 Noster
688 4824 734 4887 vi·
788 4827 864 4920 Quae
884 4828 994 4891 Noster
1006 4824 1057 4890 hic
1074 4811 1170 4890 effert
1191 4819 1228 4885 de
1243 4822 1345 4900 Erico,
1359 4839 1409 4884 co·

162 4951 506 5001 smum-susten.
1147 4929 1223 5026 (30)
