3506 5458
717 307 876 380 SVENO.
1329 310 1400 382 501

139 513 323 612 perimus.
342 537 426 588 cum
441 519 602 614 partem¹
623 513 799 616 religiose
816 517 1015 618 discipliuae
1033 517 1231 593 rudimenta
1257 525 1454 617 sumsisset,
1541 518 1547 542 ¹

137 633 241 709 nullo
258 651 375 710 tamen
389 640 581 712 sanctitatis
601 639 787 739 exemplo,
811 641 944 716 nullius
960 643 1148 717 autoritate
1171 639 1353 732 doctrinm,
1376 666 1453 741 quo

138 761 259 831 minus
276 766 482 860 angurum2'
498 764 656 836 monitus
685 781 950 840 consectaretur
981 765 1174 863 futuraque
1191 789 1258 860 per
1279 763 1453 862 pullarios

136 878 301 970 disceret,
318 889 428 956 vetari
448 901 579 982 posset
636 891 763 985 ltaque
788 889 969 963 sanctitate
997 909 1131 958 vacuus
1165 909 1231 956 uec
1267 911 1340 958 nun
1367 894 1451 958 ina-

136 1004 240 1074 nem³
259 1004 341 1100 ejus
361 1005 527 1080 umbram
555 1009 768 1108 complexus
799 1025 1003 1108 susceptam
1019 1006 1198 1106 religionis
1211 1015 1369 1104 speciem
1385 1009 1451 1082 fu·-

136 1149 222 1198 cosa
239 1129 491 1225 superstitione
517 1129 721 1208 damnabat.
780 1130 981 1208 Consimilis
1003 1128 1165 1230 ejusdem
1187 1129 1363 1227 pontificis
1390 1134 1450 1202 in-

132 1245 269 1321 dustria
286 1250 411 1322 Stetiae
426 1275 549 1350 regem
563 1255 717 1330 Olavum
733 1257 781 1332 ud
800 1257 1000 1329 Christiana
1019 1277 1120 1326 sacra
1137 1249 1352 1350 perductum
1380 1257 1449 1325 Ja-

131 1371 216 1444 cubi
235 1377 377 1445 nomine
392 1380 627 1468 venustavit⁴,
659 1405 804 1454 morum
819 1376 994 1477 profectui
1020 1375 1132 1449 decus
1148 1375 1311 1449 vocabuli
1328 1377 1449 1450 tribu-

132 1517 206 1566 eus.
257 1497 383 1569 Utrum
407 1514 527 1572 auteur
543 1499 639 1574 idem
659 1527 721 1574 rex
738 1501 786 1575 ab
811 1527 875 1591 eo,
907 1525 953 1572 au
979 1500 1257 1571 aBmmensium
1281 1499 1448 1597 pontifice

131 1618 300 1689 Unnone⁶
333 1643 519 1692 sacrorum
538 1647 645 1696 usum
661 1624 959 1724 disciplinamque
975 1625 1187 1720 perceperit,
1195 1645 1325 1718 parum
1337 1646 1446 1693 com-

131 1742 220 1836 peri.
278 1741 335 1811 Eo
350 1756 510 1840 tempore
524 1744 742 1840 Laudemus,
761 1752 955 1823 sacrarium
978 1744 1102 1834 moliti,
1133 1741 1204 1816 sub
1220 1741 1446 1834 Gerbrando‚

131 1859 324 1934 Rusltildiae
340 1863 507 1961 praesule,
522 1891 598 1940 rem
611 1868 766 1946 divinam
790 1871 970 1945 domestici
986 1866 1109 1965 templi
1131 1867 1301 1965 religione
1318 1849 1445 1965 gesse-

131 2117 171 2184 de
184 2138 257 2204 tege
277 2117 532 2188 Chrhtianittituo
557 2145 691 2190 asserere
704 2149 762 2213 po·
868 2133 1001 2191 ‘Suetioe
1025 2149 1120 2210 regem
1142 2127 1267 2188 Olenum
1297 2169 1319 2184 ..
1342 2125 1448 2186 luculi

131 2225 235 2288 tuerit.
323 2228 594 2294 verumenimvero
627 2231 762 2298 Adamas
821 2239 933 2296 numius
952 2230 1130 2312 venustarat]
1153 2231 1256 2292 Etiam
1277 2230 1328 2293 lric
1349 2231 1444 2293 multa

129 2331 238 2396 scribit
257 2331 298 2396 de
319 2332 426 2397 eodem
449 2353 522 2420 rege
549 2335 634 2414 (hist.
655 2341 762 2402 cocles.
821 2331 947 2402 consuas
972 2348 1144 2423 narrantur.
1204 2335 1445 2421 Haudquaquam

130 2437 403 2523 tib.11oep.29)=
430 2465 527 2505 ouum
542 2446 758 2534 uffi‘rmuntpe-
820 2465 874 2508 rex
894 2443 1009 2508 Sreciae
1035 2443 1149 2507 Olarus
1183 2439 1444 2539 (Slautltouning)

129 2552 218 2610 ritum
237 2551 442 2630 mrgurr'orum,
473 2564 650 2612 semotos-em
669 2557 759 2614 sorti-
817 2550 871 2616 aad
889 2549 969 2612 filius
988 2547 1054 2630 ejus
1082 2545 1230 2610 Attundus
1251 2569 1336 2611 sacra
1363 2547 1442 2610 unda

128 2679 190 2725 um,
218 2669 248 2716 et
267 2660 297 2714 iu
325 2657 423 2715 ouium
442 2660 627 2740 proertostt'ctir
649 2681 759 2721 ommm
817 2659 933 2720 lavatus
946 2675 1057 2718 nomen
1071 2652 1179 2719 Jauuhi
1201 2654 1329 2738 aceepit.
1349 2652 1443 2730 (Eiet.

124 2783 205 2846 spem
218 2783 301 2822 suum
311 2765 454 2846 pauore.
477 2753 555 2826 Saxo
574 2773 685 2841 nutem,
705 2763 759 2848 qui
816 2783 880 2848 reg.
893 2765 986 2824 Norv.
1001 2761 1060 2823 rol.
1071 2763 1098 2822 ll
1105 2783 1136 2844 p.
1151 2753 1220 2838 118,
1232 2759 1443 2844 Catalogmeg.

126 2866 159 2926 in
182 2863 239 2928 lrac
256 2877 344 2950 parte
368 2864 503 2930 historiae
520 2889 602 2954 saepe
620 2869 659 2932 ab
675 2870 756 2934 Adn·
815 2871 902 2932 Svec.
915 2866 1067 2952 inscript.
1074 2867 1228 2929 rer.Srec.
1248 2865 1310 2928 vol.
1324 2868 1337 2926 1
1353 2887 1384 2949 p.
1396 2855 1442 2944 4).

125 2991 179 3034 mo
193 2969 339 3048 dhcoesit,
360 2971 409 3034 rix
429 2993 497 3036 eum
508 2987 627 3038 secutus
646 2989 692 3040 est
703 2997 755 3039 au·
814 2977 915 3038 Porro
925 2971 1191 3057 juxtaLegeudam
1204 2969 1362 3036 destructo
1374 2971 1442 3057 sig-

125 3090 235 3142 torem.
251 3075 458 3164 Potiusigitur
466 3079 613 3160 existimo,
621 3094 652 3145 et
661 3085 754 3147 Saxo-
812 3079 895 3144 frido
909 3080 1035 3164 (Script.
1050 3081 1203 3142 reuSvec.
1218 3079 1277 3142 rol.
1297 3082 1322 3141 il
1341 3091 1413 3142 sect.
1429 3083 1441 3140 t

122 3205 196 3248 nem
204 3195 236 3246 et
244 3181 518 3250 Adamumaecutos
525 3206 588 3250 essa
596 3185 706 3252 famam
716 3188 754 3254 dc
813 3209 845 3272 p.
863 3181 939 3267 344)
956 3187 1116 3272 episcopua
1133 3181 1284 3270 Sigfridus
1298 3183 1375 3264 (sive
1395 3185 1441 3248 si-

123 3292 225 3356 Olaro
233 3291 591 3378 vulgaremeandeurque
600 3293 752 3372 hostilem,
813 3290 952 3378 gurdus),
966 3313 1077 3378 genere
1097 3291 1237 3376 Anglico,
1257 3291 1288 3352 in
1303 3292 1440 3354 Srecianr

122 3419 212 3484 quae,
233 3397 422 3461 monem
444 3397 573 3462 sortasse
598 3413 687 3463 nacta
717 3423 753 3464 ex
812 3400 935 3464 renisus
949 3399 1081 3464 Olarum
1096 3419 1199 3482 regem
1215 3417 1302 3460 sucro
1318 3399 1439 3461 lavacro

124 3502 297 3590 praesagiis,
325 3527 395 3590 quae
421 3505 554 3591 principi
583 3505 686 3590 juveni
705 3529 753 3572 re·
813 3505 958 3591 perfudit.
1001 3509 1092 3567 Hune
1104 3501 1268 3588 Sigurdum
1285 3525 1388 3567 rursus
1399 3511 1439 3567 la·

122 3631 218 3694 guum
249 3608 442 3694 portendisse
466 3607 644 3676 serebantur
670 3614 754 3695 (hist.
812 3612 894 3674 laudi
917 3608 1109 3674 confundunt
1138 3629 1206 3672 cum
1231 3610 1287 3674 ilio
1308 3609 1439 3695 Signrdo

121 3737 188 3802 reg.
208 3719 340 3800 Norreg.
360 3716 422 3778 rol.
449 3719 516 3803 lp.
536 3717 624 3801 223),
650 3741 752 3807 regem
812 3715 957 3802 (Sigardr
986 3716 1061 3780 hina
1092 3715 1182 3796 rili),
1210 3717 1279 3800 qni,
1309 3715 1440 3780 Olarum

122 3826 222 3908 ipsum
252 3821 385 3907 auguriis
406 3819 624 3889 deditissimum
652 3827 751 3892 decla·
812 3824 998 3910 Tryggrinm
1015 3843 1050 3886 ex
1065 3823 1176 3908 Anglia
1196 3834 1333 3898 secutus,
1366 3819 1440 3884 uffi-

120 3929 244 3994 raverit.
813 3930 866 3995 ciis
882 3928 1121 3994 sacerdotalibus
1135 3929 1168 3990 io
1184 3931 1252 3990 aula
1274 3927 1353 4012 regis
1369 3925 1439 3988 fun-

167 4039 302 4098 ¹Purtem
312 4037 455 4120 religioso
474 4037 647 4124 de'seiplr'noe]
658 4041 751 4105 Vide·
813 4048 879 4100 ctus
896 4049 949 4100 est.
991 4039 1071 4100 Saxo
1088 4037 1181 4120 igitur
1203 4046 1235 4096 et
1252 4033 1331 4095 huuc
1352 4045 1383 4095 et
1402 4031 1439 4094 il·

120 4153 173 4204 tur
190 4138 484 4222 mendumsubeeae3
504 4142 537 4205 in
553 4143 624 4208 edit.
642 4147 749 4234 steph.
809 4142 873 4204 lum
896 4163 963 4208 oum
993 4161 1055 4204 uuo
1084 4161 1121 4204 ex
1144 4137 1309 4206 Bernardia
1332 4137 1438 4203 eoniu-

118 4245 233 4330 legitur
247 4251 371 4334 part’ter.
809 4247 886 4312 disse
899 4247 1027 4310 ridetur.

164 4351 355 4437 2Αιιςιυωη]
371 4352 430 4416 Ed.
446 4376 493 4440 pr.
515 4353 608 4420 habet
624 4360 747 4441 auguri·

118 4483 175 4520 ram.
222 4455 554 4544 IutnltdmaStepltanii
575 4461 746 4524 emendatio
853 4461 1082 4522 ³Bremeasium
1122 4459 1267 4542 Pontifice
1303 4451 1436 4528 llurroue]

119 4565 282 4628 lectionem
299 4563 432 4628 reddidit
451 4567 698 4630 commodiorem.
806 4561 926 4626 Adamo
947 4566 1104 4629 Bremeuai
1124 4577 1201 4629 teste
1222 4561 1307 4643 (hist.
1330 4558 1437 4624 eccles.

162 4674 253 4734 ’Nec
274 4695 333 4733 non
361 4670 489 4750 mamm]
510 4673 693 4758 stephanius
714 4675 746 4736 in
807 4665 1437 4755 litutcap.52)m01·tunsestttnniuir·

113 4797 168 4840 sua
195 4773 330 4842 editione
354 4797 413 4862 pro
443 4803 493 4842 nee
515 4801 573 4842 aaa
602 4793 746 4862 posuerat
806 4795 944 4839 suanno
966 4775 1038 4856 936,
1060 4780 1164 4868 itaque
1183 4780 1235 4844 diu
1259 4785 1330 4856 ante
1356 4791 1437 4832 mor·

113 4909 165 4950 uec
185 4889 250 4948 cirr'.
807 4895 869 4946 tem
885 4883 1013 4946 Haraldi
1029 4885 1250 4950 Cmrulideutis.
