<?xml version="1.0" encoding="UTF-8"?>
<!DOCTYPE html PUBLIC "-//W3C//DTD XHTML 1.0 Transitional//EN"
    "http://www.w3.org/TR/xhtml1/DTD/xhtml1-transitional.dtd">
<html xmlns="http://www.w3.org/1999/xhtml" xml:lang="en" lang="en">
 <head>
  <title>
</title>
<meta http-equiv="Content-Type" content="text/html;charset=utf-8" />
  <meta name='ocr-system' content='tesseract 3.04.00' />
  <meta name='ocr-capabilities' content='ocr_page ocr_carea ocr_par ocr_line ocrx_word'/>
</head>
<body>
  <div class='ocr_page' id='page_1' title='image "./historiadanica00velsgoog_0203.png"; bbox 0 0 3446 5458; ppageno 0'>
   <div class='ocr_carea' id='block_1_1' title="bbox 294 315 1227 427">
    <p class='ocr_par' dir='ltr' id='par_1_1' title="bbox 294 315 1227 427">
     <span class='ocr_line' id='line_1_1' title="bbox 294 315 1227 427; baseline -0.004 -41"><span class='ocrx_word' id='word_1_1' title='bbox 294 420 296 427; x_wconf 27' lang='grc' dir='ltr'>Ι</span> <span class='ocrx_word' id='word_1_2' title='bbox 376 315 447 388; x_wconf 83' lang='grc'><strong>182</strong></span> <span class='ocrx_word' id='word_1_3' title='bbox 714 315 890 386; x_wconf 85' lang='lat' dir='ltr'><strong>HISTOR.</strong></span> <span class='ocrx_word' id='word_1_4' title='bbox 909 316 1014 386; x_wconf 80' lang='lat' dir='ltr'><strong>DAN.</strong></span> <span class='ocrx_word' id='word_1_5' title='bbox 1029 315 1168 386; x_wconf 85' lang='lat' dir='ltr'>LIBER</span> <span class='ocrx_word' id='word_1_6' title='bbox 1186 315 1227 386; x_wconf 90' lang='lat' dir='ltr'><strong>V.</strong></span> 
     </span>
    </p>
   </div>
   <div class='ocr_carea' id='block_1_2' title="bbox 324 521 1620 623">
    <p class='ocr_par' dir='ltr' id='par_1_2' title="bbox 324 521 1620 623">
     <span class='ocr_line' id='line_1_2' title="bbox 324 521 1620 623; baseline -0.001 -26"><span class='ocrx_word' id='word_1_7' title='bbox 324 541 370 614; x_wconf 89' lang='lat' dir='ltr'><strong>ta,</strong></span> <span class='ocrx_word' id='word_1_8' title='bbox 393 551 517 597; x_wconf 91' lang='lat' dir='ltr'><strong>verum</strong></span> <span class='ocrx_word' id='word_1_9' title='bbox 537 531 643 597; x_wconf 86' lang='lat' dir='ltr'><strong>etiam</strong></span> <span class='ocrx_word' id='word_1_10' title='bbox 659 524 910 623; x_wconf 78' lang='lat' dir='ltr'><strong>pervicacibus</strong></span> <span class='ocrx_word' id='word_1_11' title='bbox 924 538 1057 616; x_wconf 80' lang='lat' dir='ltr'><strong>armata</strong></span> <span class='ocrx_word' id='word_1_12' title='bbox 1074 530 1264 620; x_wconf 80' lang='lat' dir='ltr'><strong>responsis.</strong></span> <span class='ocrx_word' id='word_1_13' title='bbox 1318 521 1503 596; x_wconf 88' lang='lat' dir='ltr'><strong>lmbellem</strong></span> <span class='ocrx_word' id='word_1_14' title='bbox 1528 548 1620 596; x_wconf 85' lang='lat' dir='ltr'><strong>nemo</strong></span> 
     </span>
    </p>
   </div>
   <div class='ocr_carea' id='block_1_3' title="bbox 324 643 1714 874">
    <p class='ocr_par' dir='ltr' id='par_1_3' title="bbox 324 643 1714 874">
     <span class='ocr_line' id='line_1_3' title="bbox 324 643 1714 745; baseline -0.001 -28"><span class='ocrx_word' id='word_1_15' title='bbox 324 645 507 719; x_wconf 89' lang='lat' dir='ltr'><strong>foeminam</strong></span> <span class='ocrx_word' id='word_1_16' title='bbox 522 646 703 722; x_wconf 88' lang='lat' dir='ltr'><strong>debellare</strong></span> <span class='ocrx_word' id='word_1_17' title='bbox 716 662 869 745; x_wconf 88' lang='lat' dir='ltr'><strong>poterat,</strong></span> <span class='ocrx_word' id='word_1_18' title='bbox 888 671 909 718; x_wconf 89' lang='lat' dir='ltr'><strong>a</strong></span> <span class='ocrx_word' id='word_1_19' title='bbox 926 645 1047 744; x_wconf 81' lang='lat' dir='ltr'><strong>lingua</strong></span> <span class='ocrx_word' id='word_1_20' title='bbox 1066 643 1206 742; x_wconf 89' lang='lat' dir='ltr'><strong>spicula</strong></span> <span class='ocrx_word' id='word_1_21' title='bbox 1224 660 1456 718; x_wconf 81' lang='lat' dir='ltr'><strong>mutuantem.</strong></span> <span class='ocrx_word' id='word_1_22' title='bbox 1507 648 1622 739; x_wconf 85' lang='lat' dir='ltr'><strong>Quos·</strong></span> <span class='ocrx_word' id='word_1_23' title='bbox 1713 671 1714 704; x_wconf 67' lang='lat' dir='ltr'><strong>r</strong></span> 
     </span>
     <span class='ocr_line' id='line_1_4' title="bbox 325 765 1713 874; baseline -0.001 -35"><span class='ocrx_word' id='word_1_24' title='bbox 325 766 409 841; x_wconf 90' lang='lat' dir='ltr'><strong>dam</strong></span> <span class='ocrx_word' id='word_1_25' title='bbox 436 769 659 844; x_wconf 81' lang='lat' dir='ltr'><strong>verbositatis</strong></span> <span class='ocrx_word' id='word_1_26' title='bbox 681 767 878 867; x_wconf 89' lang='lat' dir='ltr'><strong>petulantia</strong></span> <span class='ocrx_word' id='word_1_27' title='bbox 910 766 1116 856; x_wconf 81' lang='lat' dir='ltr'><strong>refellebat,</strong></span> <span class='ocrx_word' id='word_1_28' title='bbox 1155 767 1244 841; x_wconf 88' lang='lat' dir='ltr'><strong>alios</strong></span> <span class='ocrx_word' id='word_1_29' title='bbox 1273 765 1382 841; x_wconf 86' lang='lat' dir='ltr'><strong>veluti</strong></span> <span class='ocrx_word' id='word_1_30' title='bbox 1414 765 1623 865; x_wconf 87' lang='lat' dir='ltr'><strong>quibusdam</strong></span> <span class='ocrx_word' id='word_1_31' title='bbox 1712 867 1713 874; x_wconf 6' lang='grc' dir='ltr'>ἵ</span> 
     </span>
    </p>
   </div>
   <div class='ocr_carea' id='block_1_4' title="bbox 326 887 1632 2212">
    <p class='ocr_par' dir='ltr' id='par_1_4' title="bbox 326 887 1632 2212">
     <span class='ocr_line' id='line_1_5' title="bbox 326 887 1624 1002; baseline -0.003 -38"><span class='ocrx_word' id='word_1_32' title='bbox 326 888 591 964; x_wconf 82' lang='lat' dir='ltr'><strong>cavillationum</strong></span> <span class='ocrx_word' id='word_1_33' title='bbox 613 892 764 966; x_wconf 84' lang='lat' dir='ltr'><strong>nexibus</strong></span> <span class='ocrx_word' id='word_1_34' title='bbox 787 888 990 1002; x_wconf 79' lang='lat' dir='ltr'><strong>implicatos</strong></span> <span class='ocrx_word' id='word_1_35' title='bbox 1018 887 1237 963; x_wconf 83' lang='lat' dir='ltr'><strong>fallaciarum</strong></span> <span class='ocrx_word' id='word_1_36' title='bbox 1263 887 1401 989; x_wconf 85' lang='lat' dir='ltr'><strong>laqueis</strong></span> <span class='ocrx_word' id='word_1_37' title='bbox 1424 889 1624 988; x_wconf 88' lang='lat' dir='ltr'><strong>strangula-</strong></span> 
     </span>
     <span class='ocr_line' id='line_1_6' title="bbox 326 1008 1625 1114; baseline -0.003 -30"><span class='ocrx_word' id='word_1_38' title='bbox 326 1011 424 1085; x_wconf 89' lang='lat' dir='ltr'><strong>bat¹.</strong></span> <span class='ocrx_word' id='word_1_39' title='bbox 474 1011 574 1086; x_wconf 86' lang='lat' dir='ltr'><strong>Adeo</strong></span> <span class='ocrx_word' id='word_1_40' title='bbox 588 1031 756 1114; x_wconf 87' lang='lat' dir='ltr'><strong>vegetum</strong></span> <span class='ocrx_word' id='word_1_41' title='bbox 774 1010 915 1086; x_wconf 88' lang='lat' dir='ltr'><strong>mulieri</strong></span> <span class='ocrx_word' id='word_1_42' title='bbox 938 1014 1120 1110; x_wconf 84' lang='lat' dir='ltr'><strong>ingenium</strong></span> <span class='ocrx_word' id='word_1_43' title='bbox 1149 1012 1223 1087; x_wconf 92' lang='lat' dir='ltr'><strong>fuit.</strong></span> <span class='ocrx_word' id='word_1_44' title='bbox 1276 1013 1456 1097; x_wconf 72' lang='lat' dir='ltr'><strong>Caeterum</strong></span> <span class='ocrx_word' id='word_1_45' title='bbox 1480 1008 1625 1082; x_wconf 81' lang='lat' dir='ltr'><strong>condere</strong></span> 
     </span>
     <span class='ocr_line' id='line_1_7' title="bbox 326 1131 1627 1234; baseline -0.002 -30"><span class='ocrx_word' id='word_1_46' title='bbox 326 1147 431 1230; x_wconf 87' lang='lat' dir='ltr'><strong>pacta</strong></span> <span class='ocrx_word' id='word_1_47' title='bbox 457 1151 519 1209; x_wconf 91' lang='lat' dir='ltr'><strong>aut</strong></span> <span class='ocrx_word' id='word_1_48' title='bbox 547 1134 750 1210; x_wconf 82' lang='lat' dir='ltr'><strong>rescindere</strong></span> <span class='ocrx_word' id='word_1_49' title='bbox 767 1149 973 1234; x_wconf 88' lang='lat' dir='ltr'><strong>praepotens</strong></span> <span class='ocrx_word' id='word_1_50' title='bbox 992 1151 1078 1225; x_wconf 88' lang='lat' dir='ltr'><strong>erat,</strong></span> <span class='ocrx_word' id='word_1_51' title='bbox 1099 1137 1284 1232; x_wconf 87' lang='lat' dir='ltr'><strong>utriusque</strong></span> <span class='ocrx_word' id='word_1_52' title='bbox 1297 1131 1429 1208; x_wconf 89' lang='lat' dir='ltr'><strong>horum</strong></span> <span class='ocrx_word' id='word_1_53' title='bbox 1443 1131 1627 1206; x_wconf 84' lang='lat' dir='ltr'><strong>efficaciam</strong></span> 
     </span>
     <span class='ocr_line' id='line_1_8' title="bbox 328 1252 1628 1358; baseline 0 -32"><span class='ocrx_word' id='word_1_54' title='bbox 328 1261 400 1327; x_wconf 90' lang='lat' dir='ltr'><strong>oris</strong></span> <span class='ocrx_word' id='word_1_55' title='bbox 416 1255 542 1330; x_wconf 90' lang='lat' dir='ltr'><strong>aculeo</strong></span> <span class='ocrx_word' id='word_1_56' title='bbox 566 1274 719 1358; x_wconf 87' lang='lat' dir='ltr'><strong>gestans.</strong></span> <span class='ocrx_word' id='word_1_57' title='bbox 770 1258 915 1354; x_wconf 88' lang='lat' dir='ltr'><strong>Quippe</strong></span> <span class='ocrx_word' id='word_1_58' title='bbox 932 1252 1096 1352; x_wconf 87' lang='lat' dir='ltr'><strong>disjicere</strong></span> <span class='ocrx_word' id='word_1_59' title='bbox 1111 1253 1251 1330; x_wconf 88' lang='lat' dir='ltr'><strong>foedera</strong></span> <span class='ocrx_word' id='word_1_60' title='bbox 1290 1279 1334 1330; x_wconf 89' lang='lat' dir='ltr'><strong>ac</strong></span> <span class='ocrx_word' id='word_1_61' title='bbox 1355 1258 1492 1330; x_wconf 89' lang='lat' dir='ltr'><strong>sociare</strong></span> <span class='ocrx_word' id='word_1_62' title='bbox 1522 1252 1628 1326; x_wconf 88' lang='lat' dir='ltr'><strong>calle-</strong></span> 
     </span>
     <span class='ocr_line' id='line_1_9' title="bbox 329 1376 1432 1478; baseline -0.001 -30"><span class='ocrx_word' id='word_1_63' title='bbox 329 1376 400 1450; x_wconf 90' lang='lat' dir='ltr'><strong>bat.</strong></span> <span class='ocrx_word' id='word_1_64' title='bbox 431 1381 481 1450; x_wconf 89' lang='lat' dir='ltr'><strong>Ita</strong></span> <span class='ocrx_word' id='word_1_65' title='bbox 499 1376 545 1451; x_wconf 86' lang='lat' dir='ltr'><strong>ad</strong></span> <span class='ocrx_word' id='word_1_66' title='bbox 561 1377 769 1476; x_wconf 83' lang='lat' dir='ltr'><strong>utrumlibet</strong></span> <span class='ocrx_word' id='word_1_67' title='bbox 788 1403 922 1478; x_wconf 89' lang='lat' dir='ltr'><strong>anceps</strong></span> <span class='ocrx_word' id='word_1_68' title='bbox 936 1376 1068 1477; x_wconf 82' lang='lat' dir='ltr'><strong>linguae</strong></span> <span class='ocrx_word' id='word_1_69' title='bbox 1085 1379 1341 1452; x_wconf 88' lang='lat' dir='ltr'><strong>commercium</strong></span> <span class='ocrx_word' id='word_1_70' title='bbox 1356 1376 1432 1450; x_wconf 88' lang='lat' dir='ltr'><strong>fuit.</strong></span> 
     </span>
     <span class='ocr_line' id='line_1_10' title="bbox 460 1495 1629 1596; baseline -0.003 -24"><span class='ocrx_word' id='word_1_71' title='bbox 460 1499 664 1574; x_wconf 91' lang='lat' dir='ltr'><strong>Duodecim</strong></span> <span class='ocrx_word' id='word_1_72' title='bbox 687 1503 885 1572; x_wconf 87' lang='lat' dir='ltr'><strong>Westmaro</strong></span> <span class='ocrx_word' id='word_1_73' title='bbox 919 1495 1005 1571; x_wconf 84' lang='lat' dir='ltr'><strong>filii²</strong></span> <span class='ocrx_word' id='word_1_74' title='bbox 1043 1515 1160 1588; x_wconf 86' lang='lat' dir='ltr'><strong>erant,</strong></span> <span class='ocrx_word' id='word_1_75' title='bbox 1205 1525 1246 1572; x_wconf 84' lang='lat' dir='ltr'><strong>ex</strong></span> <span class='ocrx_word' id='word_1_76' title='bbox 1290 1523 1448 1596; x_wconf 87' lang='lat' dir='ltr'><strong>quorum</strong></span> <span class='ocrx_word' id='word_1_77' title='bbox 1487 1520 1629 1571; x_wconf 88' lang='lat' dir='ltr'><strong>numero</strong></span> 
     </span>
     <span class='ocr_line' id='line_1_11' title="bbox 330 1619 1629 1720; baseline -0.003 -26"><span class='ocrx_word' id='word_1_78' title='bbox 330 1623 445 1696; x_wconf 91' lang='lat' dir='ltr'><strong>tribus</strong></span> <span class='ocrx_word' id='word_1_79' title='bbox 476 1648 667 1696; x_wconf 89' lang='lat' dir='ltr'><strong>commune</strong></span> <span class='ocrx_word' id='word_1_80' title='bbox 698 1625 798 1720; x_wconf 89' lang='lat' dir='ltr'><strong>Grep</strong></span> <span class='ocrx_word' id='word_1_81' title='bbox 827 1645 956 1694; x_wconf 87' lang='lat' dir='ltr'><strong>nomen</strong></span> <span class='ocrx_word' id='word_1_82' title='bbox 986 1622 1135 1696; x_wconf 81' lang='lat' dir='ltr'><strong>incessit</strong></span> <span class='ocrx_word' id='word_1_83' title='bbox 1204 1623 1281 1696; x_wconf 91' lang='lat' dir='ltr'><strong>Hos</strong></span> <span class='ocrx_word' id='word_1_84' title='bbox 1310 1619 1416 1695; x_wconf 90' lang='lat' dir='ltr'><strong>simul</strong></span> <span class='ocrx_word' id='word_1_85' title='bbox 1443 1633 1629 1718; x_wconf 87' lang='lat' dir='ltr'><strong>conceptos</strong></span> 
     </span>
     <span class='ocr_line' id='line_1_12' title="bbox 330 1740 1630 1843; baseline 0.001 -30"><span class='ocrx_word' id='word_1_86' title='bbox 330 1742 424 1815; x_wconf 91' lang='lat' dir='ltr'><strong>idem</strong></span> <span class='ocrx_word' id='word_1_87' title='bbox 442 1760 567 1843; x_wconf 87' lang='lat' dir='ltr'><strong>partus</strong></span> <span class='ocrx_word' id='word_1_88' title='bbox 583 1745 747 1838; x_wconf 90' lang='lat' dir='ltr'><strong>absolvit,</strong></span> <span class='ocrx_word' id='word_1_89' title='bbox 763 1759 863 1817; x_wconf 88' lang='lat' dir='ltr'><strong>ortus</strong></span> <span class='ocrx_word' id='word_1_90' title='bbox 881 1740 1121 1841; x_wconf 85' lang='lat' dir='ltr'><strong>aequalitatem</strong></span> <span class='ocrx_word' id='word_1_91' title='bbox 1137 1741 1305 1817; x_wconf 86' lang='lat' dir='ltr'><strong>vocabuli</strong></span> <span class='ocrx_word' id='word_1_92' title='bbox 1321 1743 1489 1818; x_wconf 89' lang='lat' dir='ltr'><strong>societate</strong></span> <span class='ocrx_word' id='word_1_93' title='bbox 1501 1758 1630 1816; x_wconf 87' lang='lat' dir='ltr'><strong>testan-</strong></span> 
     </span>
     <span class='ocr_line' id='line_1_13' title="bbox 332 1863 1630 1964; baseline 0 -28"><span class='ocrx_word' id='word_1_94' title='bbox 332 1881 394 1938; x_wconf 88' lang='lat' dir='ltr'><strong>tes.</strong></span> <span class='ocrx_word' id='word_1_95' title='bbox 446 1868 508 1939; x_wconf 90' lang='lat' dir='ltr'><strong>His</strong></span> <span class='ocrx_word' id='word_1_96' title='bbox 524 1892 664 1942; x_wconf 90' lang='lat' dir='ltr'><strong>summa</strong></span> <span class='ocrx_word' id='word_1_97' title='bbox 680 1865 846 1942; x_wconf 86' lang='lat' dir='ltr'><strong>caestibus</strong></span> <span class='ocrx_word' id='word_1_98' title='bbox 861 1880 923 1938; x_wconf 89' lang='lat' dir='ltr'><strong>aut</strong></span> <span class='ocrx_word' id='word_1_99' title='bbox 938 1863 1034 1938; x_wconf 84' lang='lat' dir='ltr'><strong>ferro</strong></span> <span class='ocrx_word' id='word_1_100' title='bbox 1049 1863 1238 1938; x_wconf 88' lang='lat' dir='ltr'><strong>dimicandi</strong></span> <span class='ocrx_word' id='word_1_101' title='bbox 1258 1865 1385 1964; x_wconf 85' lang='lat' dir='ltr'><strong>peritia</strong></span> <span class='ocrx_word' id='word_1_102' title='bbox 1401 1871 1521 1940; x_wconf 83' lang='lat' dir='ltr'><strong>extitit.</strong></span> <span class='ocrx_word' id='word_1_103' title='bbox 1559 1863 1630 1936; x_wconf 86' lang='lat' dir='ltr'><strong>Od-</strong></span> 
     </span>
     <span class='ocr_line' id='line_1_14' title="bbox 331 1985 1630 2088; baseline -0.006 -24"><span class='ocrx_word' id='word_1_104' title='bbox 331 1985 415 2064; x_wconf 86' lang='lat' dir='ltr'><strong>doni</strong></span> <span class='ocrx_word' id='word_1_105' title='bbox 441 2013 591 2088; x_wconf 90' lang='lat' dir='ltr'><strong>quoque</strong></span> <span class='ocrx_word' id='word_1_106' title='bbox 612 1988 749 2064; x_wconf 89' lang='lat' dir='ltr'><strong>Frotho</strong></span> <span class='ocrx_word' id='word_1_107' title='bbox 771 1989 956 2060; x_wconf 86' lang='lat' dir='ltr'><strong>maritimae</strong></span> <span class='ocrx_word' id='word_1_108' title='bbox 980 1985 1177 2086; x_wconf 86' lang='lat' dir='ltr'><strong>tyrannidis</strong></span> <span class='ocrx_word' id='word_1_109' title='bbox 1200 1985 1377 2062; x_wconf 88' lang='lat' dir='ltr'><strong>detulerat</strong></span> <span class='ocrx_word' id='word_1_110' title='bbox 1392 1988 1630 2087; x_wconf 86' lang='lat' dir='ltr'><strong>potestatem³.</strong></span> 
     </span>
     <span class='ocr_line' id='line_1_15' title="bbox 335 2085 1632 2212; baseline 0 -32"><span class='ocrx_word' id='word_1_111' title='bbox 335 2111 401 2182; x_wconf 89' lang='lat' dir='ltr'><strong>Hic</strong></span> <span class='ocrx_word' id='word_1_112' title='bbox 416 2135 538 2212; x_wconf 84' lang='lat' dir='ltr'><strong>regem</strong></span> <span class='ocrx_word' id='word_1_113' title='bbox 555 2119 719 2210; x_wconf 85' lang='lat' dir='ltr'><strong>proximo</strong></span> <span class='ocrx_word' id='word_1_114' title='bbox 735 2085 1005 2193; x_wconf 80' lang='lat' dir='ltr'><strong>necessitudinis</strong></span> <span class='ocrx_word' id='word_1_115' title='bbox 1021 2109 1147 2184; x_wconf 89' lang='lat' dir='ltr'><strong>ordine</strong></span> <span class='ocrx_word' id='word_1_116' title='bbox 1164 2109 1405 2208; x_wconf 86' lang='lat' dir='ltr'><strong>contingebat.</strong></span> <span class='ocrx_word' id='word_1_117' title='bbox 1457 2107 1549 2182; x_wconf 88' lang='lat' dir='ltr'><strong>Colo</strong></span> <span class='ocrx_word' id='word_1_118' title='bbox 1565 2125 1632 2182; x_wconf 85' lang='lat' dir='ltr'><strong>ter-</strong></span> 
     </span>
    </p>
   </div>
   <div class='ocr_carea' id='block_1_5' title="bbox 331 2395 1635 4609">
    <p class='ocr_par' dir='ltr' id='par_1_5' title="bbox 331 2395 1634 3016">
     <span class='ocr_line' id='line_1_16' title="bbox 379 2395 1633 2486; baseline -0.002 -25"><span class='ocrx_word' id='word_1_119' title='bbox 379 2399 595 2462; x_wconf 69' lang='lat' dir='ltr'><strong>&#39;Pallacontam</strong></span> <span class='ocrx_word' id='word_1_120' title='bbox 607 2403 718 2484; x_wconf 74' lang='lat' dir='ltr'><strong>btqoers</strong></span> <span class='ocrx_word' id='word_1_121' title='bbox 732 2398 953 2485; x_wconf 77' lang='lat' dir='ltr'><strong>strangulabat]</strong></span> <span class='ocrx_word' id='word_1_122' title='bbox 1019 2409 1100 2461; x_wconf 77' lang='lat' dir='ltr'><strong>mats</strong></span> <span class='ocrx_word' id='word_1_123' title='bbox 1113 2399 1279 2486; x_wconf 77' lang='lat' dir='ltr'><strong>sejungunt</strong></span> <span class='ocrx_word' id='word_1_124' title='bbox 1298 2419 1344 2482; x_wconf 77' lang='lat' dir='ltr'><strong>ta,</strong></span> <span class='ocrx_word' id='word_1_125' title='bbox 1364 2421 1434 2486; x_wconf 66' lang='lat' dir='ltr'><strong>qua</strong></span> <span class='ocrx_word' id='word_1_126' title='bbox 1448 2397 1487 2462; x_wconf 83' lang='lat' dir='ltr'><strong>tle</strong></span> <span class='ocrx_word' id='word_1_127' title='bbox 1503 2395 1573 2462; x_wconf 78' lang='lat' dir='ltr'><strong>filiis</strong></span> <span class='ocrx_word' id='word_1_128' title='bbox 1587 2395 1633 2460; x_wconf 86' lang='lat' dir='ltr'><strong>da·</strong></span> 
     </span>
     <span class='ocr_line' id='line_1_17' title="bbox 331 2502 1634 2591; baseline 0 -27"><span class='ocrx_word' id='word_1_129' title='bbox 331 2502 468 2566; x_wconf 81' lang='lat' dir='ltr'><strong>Imitatus</strong></span> <span class='ocrx_word' id='word_1_130' title='bbox 501 2515 547 2568; x_wconf 89' lang='lat' dir='ltr'><strong>est</strong></span> <span class='ocrx_word' id='word_1_131' title='bbox 582 2504 770 2568; x_wconf 86' lang='lat' dir='ltr'><strong>Marcianum</strong></span> <span class='ocrx_word' id='word_1_132' title='bbox 802 2507 958 2591; x_wconf 85' lang='lat' dir='ltr'><strong>Capellam</strong></span> <span class='ocrx_word' id='word_1_133' title='bbox 1018 2523 1106 2568; x_wconf 87' lang='lat' dir='ltr'><strong>orum</strong></span> <span class='ocrx_word' id='word_1_134' title='bbox 1127 2503 1274 2585; x_wconf 85' lang='lat' dir='ltr'><strong>fratrum,</strong></span> <span class='ocrx_word' id='word_1_135' title='bbox 1296 2504 1472 2575; x_wconf 78' lang='lat' dir='ltr'><strong>Wartmart</strong></span> <span class='ocrx_word' id='word_1_136' title='bbox 1500 2515 1531 2570; x_wconf 80' lang='lat' dir='ltr'><strong>ot</strong></span> <span class='ocrx_word' id='word_1_137' title='bbox 1552 2504 1634 2570; x_wconf 85' lang='lat' dir='ltr'><strong>Golo-</strong></span> 
     </span>
     <span class='ocr_line' id='line_1_18' title="bbox 332 2609 1634 2696; baseline 0.006 -27"><span class='ocrx_word' id='word_1_138' title='bbox 332 2623 428 2686; x_wconf 87' lang='lat' dir='ltr'><strong>suum,</strong></span> <span class='ocrx_word' id='word_1_139' title='bbox 445 2609 574 2694; x_wconf 86' lang='lat' dir='ltr'><strong>quifere</strong></span> <span class='ocrx_word' id='word_1_140' title='bbox 587 2609 896 2676; x_wconf 82' lang='lat' dir='ltr'><strong>eundeminmodum</strong></span> <span class='ocrx_word' id='word_1_141' title='bbox 912 2611 957 2676; x_wconf 90' lang='lat' dir='ltr'><strong>lo·</strong></span> <span class='ocrx_word' id='word_1_142' title='bbox 1018 2609 1080 2690; x_wconf 88' lang='lat' dir='ltr'><strong>nis,</strong></span> <span class='ocrx_word' id='word_1_143' title='bbox 1125 2612 1216 2676; x_wconf 84' lang='lat' dir='ltr'><strong>allata</strong></span> <span class='ocrx_word' id='word_1_144' title='bbox 1252 2623 1337 2676; x_wconf 86' lang='lat' dir='ltr'><strong>arcte</strong></span> <span class='ocrx_word' id='word_1_145' title='bbox 1362 2611 1528 2696; x_wconf 86' lang='lat' dir='ltr'><strong>conjuncta</strong></span> <span class='ocrx_word' id='word_1_146' title='bbox 1563 2620 1634 2672; x_wconf 85' lang='lat' dir='ltr'><strong>sunt.</strong></span> 
     </span>
     <span class='ocr_line' id='line_1_19' title="bbox 333 2714 1634 2801; baseline 0.001 -27"><span class='ocrx_word' id='word_1_147' title='bbox 333 2714 436 2797; x_wconf 86' lang='lat' dir='ltr'><strong>quitur</strong></span> <span class='ocrx_word' id='word_1_148' title='bbox 451 2715 507 2778; x_wconf 89' lang='lat' dir='ltr'><strong>sub</strong></span> <span class='ocrx_word' id='word_1_149' title='bbox 528 2715 647 2779; x_wconf 89' lang='lat' dir='ltr'><strong>initium</strong></span> <span class='ocrx_word' id='word_1_150' title='bbox 667 2715 738 2778; x_wconf 85' lang='lat' dir='ltr'><strong>libri</strong></span> <span class='ocrx_word' id='word_1_151' title='bbox 756 2719 816 2786; x_wconf 88' lang='lat' dir='ltr'><strong>lV:</strong></span> <span class='ocrx_word' id='word_1_152' title='bbox 857 2721 956 2780; x_wconf 80' lang='lat' dir='ltr'><strong>Donec</strong></span> <span class='ocrx_word' id='word_1_153' title='bbox 1015 2715 1151 2780; x_wconf 87' lang='lat' dir='ltr'><strong>Eandem</strong></span> <span class='ocrx_word' id='word_1_154' title='bbox 1165 2738 1262 2801; x_wconf 88' lang='lat' dir='ltr'><strong>porro</strong></span> <span class='ocrx_word' id='word_1_155' title='bbox 1278 2717 1452 2801; x_wconf 85' lang='lat' dir='ltr'><strong>exprimunt</strong></span> <span class='ocrx_word' id='word_1_156' title='bbox 1465 2715 1634 2780; x_wconf 83' lang='lat' dir='ltr'><strong>sententian</strong></span> 
     </span>
     <span class='ocr_line' id='line_1_20' title="bbox 333 2821 1633 2910; baseline 0.005 -32"><span class='ocrx_word' id='word_1_157' title='bbox 333 2823 436 2882; x_wconf 75' lang='lat' dir='ltr'><strong>noxalis</strong></span> <span class='ocrx_word' id='word_1_158' title='bbox 455 2825 613 2906; x_wconf 77' lang='lat' dir='ltr'><strong>complexio</strong></span> <span class='ocrx_word' id='word_1_159' title='bbox 629 2827 834 2886; x_wconf 76' lang='lat' dir='ltr'><strong>circumentos</strong></span> <span class='ocrx_word' id='word_1_160' title='bbox 849 2823 893 2888; x_wconf 80' lang='lat' dir='ltr'><strong>ud</strong></span> <span class='ocrx_word' id='word_1_161' title='bbox 916 2828 958 2885; x_wconf 84' lang='lat' dir='ltr'><strong>t&#39;u·</strong></span> <span class='ocrx_word' id='word_1_162' title='bbox 1019 2839 1055 2883; x_wconf 79' lang='lat' dir='ltr'><strong>ac</strong></span> <span class='ocrx_word' id='word_1_163' title='bbox 1069 2821 1161 2886; x_wconf 82' lang='lat' dir='ltr'><strong>verba</strong></span> <span class='ocrx_word' id='word_1_164' title='bbox 1176 2823 1242 2887; x_wconf 78' lang='lat' dir='ltr'><strong>hoec</strong></span> <span class='ocrx_word' id='word_1_165' title='bbox 1259 2825 1367 2910; x_wconf 74' lang='lat' dir='ltr'><strong>paullo</strong></span> <span class='ocrx_word' id='word_1_166' title='bbox 1385 2835 1457 2910; x_wconf 81' lang='lat' dir='ltr'><strong>post</strong></span> <span class='ocrx_word' id='word_1_167' title='bbox 1472 2821 1633 2908; x_wconf 79' lang='lat' dir='ltr'><strong>sequentia:</strong></span> 
     </span>
     <span class='ocr_line' id='line_1_21' title="bbox 333 2923 1634 3016; baseline 0.005 -33"><span class='ocrx_word' id='word_1_168' title='bbox 333 2932 512 3008; x_wconf 82' lang='lat' dir='ltr'><strong>terrogaatt&#39;s</strong></span> <span class='ocrx_word' id='word_1_169' title='bbox 528 2930 680 2991; x_wconf 79' lang='lat' dir='ltr'><strong>arbitrium</strong></span> <span class='ocrx_word' id='word_1_170' title='bbox 691 2930 899 3012; x_wconf 81' lang='lat' dir='ltr'><strong>strangularet.</strong></span> <span class='ocrx_word' id='word_1_171' title='bbox 909 2923 959 3009; x_wconf 83' lang='lat' dir='ltr'><strong>(S)</strong></span> <span class='ocrx_word' id='word_1_172' title='bbox 1018 2931 1061 2990; x_wconf 86' lang='lat' dir='ltr'><strong>Eo</strong></span> <span class='ocrx_word' id='word_1_173' title='bbox 1077 2945 1204 3016; x_wconf 84' lang='lat' dir='ltr'><strong>tempore</strong></span> <span class='ocrx_word' id='word_1_174' title='bbox 1224 2932 1342 3016; x_wconf 80' lang='lat' dir='ltr'><strong>quidam</strong></span> <span class='ocrx_word' id='word_1_175' title='bbox 1368 2931 1524 2993; x_wconf 74' lang='lat' dir='ltr'><strong>Frothom’s</strong></span> <span class='ocrx_word' id='word_1_176' title='bbox 1536 2931 1634 3012; x_wconf 76' lang='lat' dir='ltr'><strong>fratrc</strong></span> 
     </span>
    </p>

    <p class='ocr_par' dir='ltr' id='par_1_6' title="bbox 332 3031 1635 4076">
     <span class='ocr_line' id='line_1_22' title="bbox 377 3031 1632 3124; baseline 0.006 -34"><span class='ocrx_word' id='word_1_177' title='bbox 377 3033 557 3097; x_wconf 75' lang='lat' dir='ltr'><strong>²Duodeer&#39;m</strong></span> <span class='ocrx_word' id='word_1_178' title='bbox 572 3035 743 3097; x_wconf 83' lang='lat' dir='ltr'><strong>Westmoro</strong></span> <span class='ocrx_word' id='word_1_179' title='bbox 753 3031 832 3118; x_wconf 80' lang='lat' dir='ltr'><strong>filia]</strong></span> <span class='ocrx_word' id='word_1_180' title='bbox 846 3035 957 3098; x_wconf 87' lang='lat' dir='ltr'><strong>Nume-</strong></span> <span class='ocrx_word' id='word_1_181' title='bbox 1014 3039 1133 3116; x_wconf 78' lang='lat' dir='ltr'><strong>genitus</strong></span> <span class='ocrx_word' id='word_1_182' title='bbox 1162 3059 1222 3122; x_wconf 84' lang='lat' dir='ltr'><strong>pro</strong></span> <span class='ocrx_word' id='word_1_183' title='bbox 1251 3037 1360 3098; x_wconf 84' lang='lat' dir='ltr'><strong>tuenda</strong></span> <span class='ocrx_word' id='word_1_184' title='bbox 1390 3039 1497 3124; x_wconf 82' lang='lat' dir='ltr'><strong>patria</strong></span> <span class='ocrx_word' id='word_1_185' title='bbox 1522 3037 1632 3120; x_wconf 73' lang='lat' dir='ltr'><strong>gerebat</strong></span> 
     </span>
     <span class='ocr_line' id='line_1_23' title="bbox 332 3137 1635 3222; baseline 0.005 -28"><span class='ocrx_word' id='word_1_186' title='bbox 332 3149 494 3200; x_wconf 82' lang='lat' dir='ltr'><strong>rascertus</strong></span> <span class='ocrx_word' id='word_1_187' title='bbox 506 3159 565 3222; x_wconf 92' lang='lat' dir='ltr'><strong>pro</strong></span> <span class='ocrx_word' id='word_1_188' title='bbox 579 3141 706 3202; x_wconf 85' lang='lat' dir='ltr'><strong>incerto.</strong></span> <span class='ocrx_word' id='word_1_189' title='bbox 720 3143 868 3202; x_wconf 90' lang='lat' dir='ltr'><strong>Numerus</strong></span> <span class='ocrx_word' id='word_1_190' title='bbox 881 3159 956 3204; x_wconf 84' lang='lat' dir='ltr'><strong>voro</strong></span> <span class='ocrx_word' id='word_1_191' title='bbox 1017 3144 1063 3201; x_wconf 85' lang='lat' dir='ltr'><strong>rei</strong></span> <span class='ocrx_word' id='word_1_192' title='bbox 1073 3147 1198 3204; x_wconf 70' lang='lat' dir='ltr'><strong>mutiam</strong></span> <span class='ocrx_word' id='word_1_193' title='bbox 1213 3165 1362 3204; x_wconf 74' lang='lat' dir='ltr'><strong>autuman.</strong></span> <span class='ocrx_word' id='word_1_194' title='bbox 1403 3139 1437 3202; x_wconf 86' lang='lat' dir='ltr'><strong>si</strong></span> <span class='ocrx_word' id='word_1_195' title='bbox 1458 3161 1529 3206; x_wconf 86' lang='lat' dir='ltr'><strong>vero</strong></span> <span class='ocrx_word' id='word_1_196' title='bbox 1545 3137 1635 3202; x_wconf 86' lang='lat' dir='ltr'><strong>dadi·</strong></span> 
     </span>
     <span class='ocr_line' id='line_1_24' title="bbox 334 3237 1635 3332; baseline 0.006 -32"><span class='ocrx_word' id='word_1_197' title='bbox 334 3237 533 3306; x_wconf 86' lang='lat' dir='ltr'><strong>duodenarius</strong></span> <span class='ocrx_word' id='word_1_198' title='bbox 559 3244 592 3308; x_wconf 90' lang='lat' dir='ltr'><strong>in</strong></span> <span class='ocrx_word' id='word_1_199' title='bbox 614 3247 721 3329; x_wconf 83' lang='lat' dir='ltr'><strong>priscis</strong></span> <span class='ocrx_word' id='word_1_200' title='bbox 743 3245 957 3310; x_wconf 87' lang='lat' dir='ltr'><strong>traditionibus</strong></span> <span class='ocrx_word' id='word_1_201' title='bbox 1018 3246 1110 3310; x_wconf 85' lang='lat' dir='ltr'><strong>versis</strong></span> <span class='ocrx_word' id='word_1_202' title='bbox 1131 3246 1304 3312; x_wconf 83' lang='lat' dir='ltr'><strong>bominibus</strong></span> <span class='ocrx_word' id='word_1_203' title='bbox 1324 3245 1394 3310; x_wconf 70' lang='lat' dir='ltr'><strong>aaa</strong></span> <span class='ocrx_word' id='word_1_204' title='bbox 1415 3243 1635 3332; x_wconf 70' lang='lat' dir='ltr'><strong>interpretanda</strong></span> 
     </span>
     <span class='ocr_line' id='line_1_25' title="bbox 333 3349 1635 3438; baseline 0.002 -29"><span class='ocrx_word' id='word_1_205' title='bbox 333 3349 441 3433; x_wconf 82' lang='lat' dir='ltr'><strong>saepius</strong></span> <span class='ocrx_word' id='word_1_206' title='bbox 449 3351 644 3414; x_wconf 79' lang='lat' dir='ltr'><strong>occurritlta</strong></span> <span class='ocrx_word' id='word_1_207' title='bbox 651 3349 809 3416; x_wconf 87' lang='lat' dir='ltr'><strong>duodecim</strong></span> <span class='ocrx_word' id='word_1_208' title='bbox 817 3364 904 3415; x_wconf 87' lang='lat' dir='ltr'><strong>erant</strong></span> <span class='ocrx_word' id='word_1_209' title='bbox 911 3365 959 3415; x_wconf 88' lang='lat' dir='ltr'><strong>tu·</strong></span> <span class='ocrx_word' id='word_1_210' title='bbox 1017 3365 1127 3432; x_wconf 84' lang='lat' dir='ltr'><strong>essem,</strong></span> <span class='ocrx_word' id='word_1_211' title='bbox 1144 3355 1223 3416; x_wconf 87' lang='lat' dir='ltr'><strong>Saxo</strong></span> <span class='ocrx_word' id='word_1_212' title='bbox 1247 3353 1384 3438; x_wconf 80' lang='lat' dir='ltr'><strong>sibiipsa</strong></span> <span class='ocrx_word' id='word_1_213' title='bbox 1402 3349 1635 3416; x_wconf 75' lang='lat' dir='ltr'><strong>contradixisset.</strong></span> 
     </span>
     <span class='ocr_line' id='line_1_26' title="bbox 334 3454 1635 3551; baseline 0.003 -35"><span class='ocrx_word' id='word_1_214' title='bbox 334 3465 414 3516; x_wconf 88' lang='lat' dir='ltr'><strong>tores</strong></span> <span class='ocrx_word' id='word_1_215' title='bbox 430 3455 507 3540; x_wconf 79' lang='lat' dir='ltr'><strong>regii</strong></span> <span class='ocrx_word' id='word_1_216' title='bbox 522 3467 553 3518; x_wconf 91' lang='lat' dir='ltr'><strong>et</strong></span> <span class='ocrx_word' id='word_1_217' title='bbox 567 3455 599 3517; x_wconf 85' lang='lat' dir='ltr'><strong>in</strong></span> <span class='ocrx_word' id='word_1_218' title='bbox 612 3454 671 3520; x_wconf 89' lang='lat' dir='ltr'><strong>boo</strong></span> <span class='ocrx_word' id='word_1_219' title='bbox 685 3456 765 3522; x_wconf 89' lang='lat' dir='ltr'><strong>libro</strong></span> <span class='ocrx_word' id='word_1_220' title='bbox 778 3456 857 3520; x_wconf 87' lang='lat' dir='ltr'><strong>infra</strong></span> <span class='ocrx_word' id='word_1_221' title='bbox 876 3478 958 3520; x_wconf 87' lang='lat' dir='ltr'><strong>oom-</strong></span> <span class='ocrx_word' id='word_1_222' title='bbox 1017 3456 1180 3551; x_wconf 80' lang='lat' dir='ltr'><strong>Quomodo</strong></span> <span class='ocrx_word' id='word_1_223' title='bbox 1195 3459 1365 3522; x_wconf 32' lang='lat' dir='ltr'><strong>erimannus</strong></span> <span class='ocrx_word' id='word_1_224' title='bbox 1378 3457 1635 3540; x_wconf 74' lang='lat' dir='ltr'><strong>maritimaetyrsn·</strong></span> 
     </span>
     <span class='ocr_line' id='line_1_27' title="bbox 333 3561 1634 3650; baseline -0.001 -27"><span class='ocrx_word' id='word_1_225' title='bbox 333 3575 518 3625; x_wconf 86' lang='lat' dir='ltr'><strong>memoratur</strong></span> <span class='ocrx_word' id='word_1_226' title='bbox 526 3563 958 3648; x_wconf 80' lang='lat' dir='ltr'><strong>Arngrimusduodecimfilio·</strong></span> <span class='ocrx_word' id='word_1_227' title='bbox 1018 3563 1097 3626; x_wconf 89' lang='lat' dir='ltr'><strong>nidis</strong></span> <span class='ocrx_word' id='word_1_228' title='bbox 1115 3576 1268 3650; x_wconf 86' lang='lat' dir='ltr'><strong>potestate</strong></span> <span class='ocrx_word' id='word_1_229' title='bbox 1282 3563 1385 3650; x_wconf 88' lang='lat' dir='ltr'><strong>potuit</strong></span> <span class='ocrx_word' id='word_1_230' title='bbox 1403 3561 1543 3650; x_wconf 59' lang='lat' dir='ltr'><strong>gaudm</strong></span> <span class='ocrx_word' id='word_1_231' title='bbox 1563 3563 1634 3626; x_wconf 80' lang='lat' dir='ltr'><strong>alter</strong></span> 
     </span>
     <span class='ocr_line' id='line_1_28' title="bbox 334 3665 1634 3753; baseline -0.001 -25"><span class='ocrx_word' id='word_1_232' title='bbox 334 3669 402 3730; x_wconf 86' lang='lat' dir='ltr'><strong>runi</strong></span> <span class='ocrx_word' id='word_1_233' title='bbox 412 3688 447 3730; x_wconf 88' lang='lat' dir='ltr'><strong>ex</strong></span> <span class='ocrx_word' id='word_1_234' title='bbox 462 3671 677 3752; x_wconf 86' lang='lat' dir='ltr'><strong>Ossurapater.</strong></span> <span class='ocrx_word' id='word_1_235' title='bbox 698 3671 745 3733; x_wconf 85' lang='lat' dir='ltr'><strong>Ex</strong></span> <span class='ocrx_word' id='word_1_236' title='bbox 753 3669 838 3733; x_wconf 82' lang='lat' dir='ltr'><strong>coelis</strong></span> <span class='ocrx_word' id='word_1_237' title='bbox 846 3668 957 3733; x_wconf 88' lang='lat' dir='ltr'><strong>fortas·</strong></span> <span class='ocrx_word' id='word_1_238' title='bbox 1018 3691 1092 3733; x_wconf 92' lang='lat' dir='ltr'><strong>vero</strong></span> <span class='ocrx_word' id='word_1_239' title='bbox 1116 3670 1161 3732; x_wconf 86' lang='lat' dir='ltr'><strong>rei</strong></span> <span class='ocrx_word' id='word_1_240' title='bbox 1187 3670 1316 3734; x_wconf 78' lang='lat' dir='ltr'><strong>nauticae</strong></span> <span class='ocrx_word' id='word_1_241' title='bbox 1341 3691 1491 3732; x_wconf 87' lang='lat' dir='ltr'><strong>summam</strong></span> <span class='ocrx_word' id='word_1_242' title='bbox 1517 3665 1634 3753; x_wconf 80' lang='lat' dir='ltr'><strong>gerere?</strong></span> 
     </span>
     <span class='ocr_line' id='line_1_29' title="bbox 334 3772 1633 3866; baseline 0.002 -31"><span class='ocrx_word' id='word_1_243' title='bbox 334 3793 376 3852; x_wconf 88' lang='lat' dir='ltr'><strong>se,</strong></span> <span class='ocrx_word' id='word_1_244' title='bbox 389 3773 441 3835; x_wconf 89' lang='lat' dir='ltr'><strong>uhi</strong></span> <span class='ocrx_word' id='word_1_245' title='bbox 457 3772 499 3836; x_wconf 91' lang='lat' dir='ltr'><strong>dii</strong></span> <span class='ocrx_word' id='word_1_246' title='bbox 515 3786 672 3836; x_wconf 84' lang='lat' dir='ltr'><strong>consentes</strong></span> <span class='ocrx_word' id='word_1_247' title='bbox 685 3789 772 3839; x_wconf 88' lang='lat' dir='ltr'><strong>erant</strong></span> <span class='ocrx_word' id='word_1_248' title='bbox 785 3775 956 3860; x_wconf 84' lang='lat' dir='ltr'><strong>duodecim,</strong></span> <span class='ocrx_word' id='word_1_249' title='bbox 1017 3775 1165 3866; x_wconf 82' lang='lat' dir='ltr'><strong>Existimo</strong></span> <span class='ocrx_word' id='word_1_250' title='bbox 1185 3777 1279 3861; x_wconf 80' lang='lat' dir='ltr'><strong>igitur</strong></span> <span class='ocrx_word' id='word_1_251' title='bbox 1296 3773 1356 3838; x_wconf 89' lang='lat' dir='ltr'><strong>dno</strong></span> <span class='ocrx_word' id='word_1_252' title='bbox 1382 3781 1547 3852; x_wconf 65' lang='lat' dir='ltr'><strong>commata,</strong></span> <span class='ocrx_word' id='word_1_253' title='bbox 1571 3791 1633 3856; x_wconf 75' lang='lat' dir='ltr'><strong>quae</strong></span> 
     </span>
     <span class='ocr_line' id='line_1_30' title="bbox 334 3869 1635 3967; baseline -0.005 -24"><span class='ocrx_word' id='word_1_254' title='bbox 334 3881 372 3943; x_wconf 90' lang='lat' dir='ltr'><strong>ad</strong></span> <span class='ocrx_word' id='word_1_255' title='bbox 381 3893 477 3943; x_wconf 82' lang='lat' dir='ltr'><strong>terras</strong></span> <span class='ocrx_word' id='word_1_256' title='bbox 487 3899 628 3944; x_wconf 83' lang='lat' dir='ltr'><strong>numerus</strong></span> <span class='ocrx_word' id='word_1_257' title='bbox 638 3881 695 3946; x_wconf 87' lang='lat' dir='ltr'><strong>iste</strong></span> <span class='ocrx_word' id='word_1_258' title='bbox 706 3887 871 3949; x_wconf 82' lang='lat' dir='ltr'><strong>translatus</strong></span> <span class='ocrx_word' id='word_1_259' title='bbox 885 3883 957 3965; x_wconf 88' lang='lat' dir='ltr'><strong>(afr.</strong></span> <span class='ocrx_word' id='word_1_260' title='bbox 1018 3883 1118 3948; x_wconf 86' lang='lat' dir='ltr'><strong>verbis</strong></span> <span class='ocrx_word' id='word_1_261' title='bbox 1135 3885 1259 3948; x_wconf 80' lang='lat' dir='ltr'><strong>oddoni</strong></span> <span class='ocrx_word' id='word_1_262' title='bbox 1281 3905 1391 3967; x_wconf 81' lang='lat' dir='ltr'><strong>quoque</strong></span> <span class='ocrx_word' id='word_1_263' title='bbox 1412 3883 1521 3944; x_wconf 76' lang='lat' dir='ltr'><strong>Frutlo</strong></span> <span class='ocrx_word' id='word_1_264' title='bbox 1536 3869 1635 3960; x_wconf 82' lang='lat' dir='ltr'><strong>incipi·</strong></span> 
     </span>
     <span class='ocr_line' id='line_1_31' title="bbox 333 3982 1634 4076; baseline -0.003 -26"><span class='ocrx_word' id='word_1_265' title='bbox 333 3987 411 4050; x_wconf 85' lang='lat' dir='ltr'><strong>Edd.</strong></span> <span class='ocrx_word' id='word_1_266' title='bbox 427 3993 507 4054; x_wconf 73' lang='lat' dir='ltr'><strong>Saem</strong></span> <span class='ocrx_word' id='word_1_267' title='bbox 523 3985 571 4051; x_wconf 85' lang='lat' dir='ltr'><strong>ed.</strong></span> <span class='ocrx_word' id='word_1_268' title='bbox 587 3993 665 4054; x_wconf 84' lang='lat' dir='ltr'><strong>Har.</strong></span> <span class='ocrx_word' id='word_1_269' title='bbox 683 3993 743 4053; x_wconf 90' lang='lat' dir='ltr'><strong>vol.</strong></span> <span class='ocrx_word' id='word_1_270' title='bbox 763 3997 803 4055; x_wconf 87' lang='lat'><strong>111</strong></span> <span class='ocrx_word' id='word_1_271' title='bbox 821 4016 850 4076; x_wconf 92' lang='lat' dir='ltr'><strong>p.</strong></span> <span class='ocrx_word' id='word_1_272' title='bbox 874 3989 961 4072; x_wconf 76' lang='lat'><strong>269).</strong></span> <span class='ocrx_word' id='word_1_273' title='bbox 1022 4003 1076 4054; x_wconf 88' lang='lat' dir='ltr'><strong>unt</strong></span> <span class='ocrx_word' id='word_1_274' title='bbox 1097 4003 1129 4054; x_wconf 88' lang='lat' dir='ltr'><strong>ot</strong></span> <span class='ocrx_word' id='word_1_275' title='bbox 1156 3989 1259 4053; x_wconf 84' lang='lat' dir='ltr'><strong>verbis</strong></span> <span class='ocrx_word' id='word_1_276' title='bbox 1276 3992 1378 4052; x_wconf 62' lang='lat' dir='ltr'><strong>ordros</strong></span> <span class='ocrx_word' id='word_1_277' title='bbox 1393 3989 1572 4072; x_wconf 73' lang='lat' dir='ltr'><strong>conrrngebut</strong></span> <span class='ocrx_word' id='word_1_278' title='bbox 1585 3982 1634 4046; x_wconf 86' lang='lat' dir='ltr'><strong>de-</strong></span> 
     </span>
    </p>

    <p class='ocr_par' dir='ltr' id='par_1_7' title="bbox 332 4087 1635 4609">
     <span class='ocr_line' id='line_1_32' title="bbox 379 4087 1635 4180; baseline -0.008 -20"><span class='ocrx_word' id='word_1_279' title='bbox 379 4099 527 4160; x_wconf 68' lang='lat' dir='ltr'><strong>’oddoni</strong></span> <span class='ocrx_word' id='word_1_280' title='bbox 546 4119 656 4180; x_wconf 85' lang='lat' dir='ltr'><strong>quoque</strong></span> <span class='ocrx_word' id='word_1_281' title='bbox 677 4101 786 4160; x_wconf 83' lang='lat' dir='ltr'><strong>Frotlto</strong></span> <span class='ocrx_word' id='word_1_282' title='bbox 807 4104 960 4162; x_wconf 77' lang='lat' dir='ltr'><strong>maritimae</strong></span> <span class='ocrx_word' id='word_1_283' title='bbox 1022 4096 1141 4175; x_wconf 85' lang='lat' dir='ltr'><strong>sinunt,</strong></span> <span class='ocrx_word' id='word_1_284' title='bbox 1178 4095 1363 4160; x_wconf 72' lang='lat' dir='ltr'><strong>consumere</strong></span> <span class='ocrx_word' id='word_1_285' title='bbox 1390 4094 1536 4178; x_wconf 81' lang='lat' dir='ltr'><strong>glossema</strong></span> <span class='ocrx_word' id='word_1_286' title='bbox 1559 4087 1635 4170; x_wconf 77' lang='lat' dir='ltr'><strong>adje-</strong></span> 
     </span>
     <span class='ocr_line' id='line_1_33' title="bbox 333 4196 1632 4291; baseline -0.006 -25"><span class='ocrx_word' id='word_1_287' title='bbox 333 4207 500 4288; x_wconf 71' lang='lat' dir='ltr'><strong>tyronna&#39;dts</strong></span> <span class='ocrx_word' id='word_1_288' title='bbox 522 4206 667 4268; x_wconf 83' lang='lat' dir='ltr'><strong>detulerat</strong></span> <span class='ocrx_word' id='word_1_289' title='bbox 684 4203 874 4291; x_wconf 84' lang='lat' dir='ltr'><strong>potestatem]</strong></span> <span class='ocrx_word' id='word_1_290' title='bbox 891 4209 960 4269; x_wconf 88' lang='lat' dir='ltr'><strong>Hoc</strong></span> <span class='ocrx_word' id='word_1_291' title='bbox 1017 4215 1101 4266; x_wconf 85' lang='lat' dir='ltr'><strong>ctum</strong></span> <span class='ocrx_word' id='word_1_292' title='bbox 1114 4225 1131 4266; x_wconf 82' lang='lat' dir='ltr'><strong>a</strong></span> <span class='ocrx_word' id='word_1_293' title='bbox 1146 4204 1262 4266; x_wconf 77' lang='lat' dir='ltr'><strong>lectore</strong></span> <span class='ocrx_word' id='word_1_294' title='bbox 1279 4198 1422 4279; x_wconf 78' lang='lat' dir='ltr'><strong>Saxonis,</strong></span> <span class='ocrx_word' id='word_1_295' title='bbox 1451 4196 1532 4261; x_wconf 86' lang='lat' dir='ltr'><strong>baud</strong></span> <span class='ocrx_word' id='word_1_296' title='bbox 1550 4215 1632 4278; x_wconf 78' lang='lat' dir='ltr'><strong>rapu·</strong></span> 
     </span>
     <span class='ocr_line' id='line_1_34' title="bbox 333 4301 1631 4398; baseline -0.007 -26"><span class='ocrx_word' id='word_1_297' title='bbox 333 4313 403 4372; x_wconf 87' lang='lat' dir='ltr'><strong>loco</strong></span> <span class='ocrx_word' id='word_1_298' title='bbox 416 4322 515 4374; x_wconf 85' lang='lat' dir='ltr'><strong>textus</strong></span> <span class='ocrx_word' id='word_1_299' title='bbox 529 4323 679 4396; x_wconf 85' lang='lat' dir='ltr'><strong>receptus,</strong></span> <span class='ocrx_word' id='word_1_300' title='bbox 695 4313 875 4396; x_wconf 78' lang='lat' dir='ltr'><strong>glossemate</strong></span> <span class='ocrx_word' id='word_1_301' title='bbox 888 4331 959 4398; x_wconf 89' lang='lat' dir='ltr'><strong>per·</strong></span> <span class='ocrx_word' id='word_1_302' title='bbox 1015 4319 1112 4388; x_wconf 83' lang='lat' dir='ltr'><strong>tante,</strong></span> <span class='ocrx_word' id='word_1_303' title='bbox 1125 4320 1263 4372; x_wconf 85' lang='lat' dir='ltr'><strong>autorem</strong></span> <span class='ocrx_word' id='word_1_304' title='bbox 1283 4301 1545 4370; x_wconf 84' lang='lat' dir='ltr'><strong>commemorando</strong></span> <span class='ocrx_word' id='word_1_305' title='bbox 1560 4305 1631 4364; x_wconf 77' lang='lat' dir='ltr'><strong>Fro</strong></span> 
     </span>
     <span class='ocr_line' id='line_1_35' title="bbox 332 4407 1632 4500; baseline -0.005 -24"><span class='ocrx_word' id='word_1_306' title='bbox 332 4435 438 4498; x_wconf 86' lang='lat' dir='ltr'><strong>peram</strong></span> <span class='ocrx_word' id='word_1_307' title='bbox 458 4415 589 4500; x_wconf 83' lang='lat' dir='ltr'><strong>adjecto,</strong></span> <span class='ocrx_word' id='word_1_308' title='bbox 612 4415 771 4480; x_wconf 89' lang='lat' dir='ltr'><strong>obscurior</strong></span> <span class='ocrx_word' id='word_1_309' title='bbox 782 4415 881 4479; x_wconf 88' lang='lat' dir='ltr'><strong>factus</strong></span> <span class='ocrx_word' id='word_1_310' title='bbox 894 4437 957 4480; x_wconf 87' lang='lat' dir='ltr'><strong>esse</strong></span> <span class='ocrx_word' id='word_1_311' title='bbox 1014 4413 1118 4476; x_wconf 89' lang='lat' dir='ltr'><strong>thonis</strong></span> <span class='ocrx_word' id='word_1_312' title='bbox 1133 4435 1169 4476; x_wconf 84' lang='lat' dir='ltr'><strong>ex</strong></span> <span class='ocrx_word' id='word_1_313' title='bbox 1182 4411 1279 4477; x_wconf 86' lang='lat' dir='ltr'><strong>fratre</strong></span> <span class='ocrx_word' id='word_1_314' title='bbox 1299 4424 1455 4498; x_wconf 86' lang='lat' dir='ltr'><strong>nepotem,</strong></span> <span class='ocrx_word' id='word_1_315' title='bbox 1469 4407 1565 4473; x_wconf 81' lang='lat' dir='ltr'><strong>classis</strong></span> <span class='ocrx_word' id='word_1_316' title='bbox 1576 4407 1632 4468; x_wconf 81' lang='lat' dir='ltr'><strong>na-</strong></span> 
     </span>
     <span class='ocr_line' id='line_1_36' title="bbox 336 4512 1630 4609; baseline -0.008 -27"><span class='ocrx_word' id='word_1_317' title='bbox 336 4519 462 4583; x_wconf 85' lang='lat' dir='ltr'><strong>videtur.</strong></span> <span class='ocrx_word' id='word_1_318' title='bbox 504 4523 605 4588; x_wconf 86' lang='lat' dir='ltr'><strong>Verba</strong></span> <span class='ocrx_word' id='word_1_319' title='bbox 623 4525 744 4588; x_wconf 84' lang='lat' dir='ltr'><strong>Oddoni</strong></span> <span class='ocrx_word' id='word_1_320' title='bbox 759 4549 869 4609; x_wconf 82' lang='lat' dir='ltr'><strong>quoque</strong></span> <span class='ocrx_word' id='word_1_321' title='bbox 889 4544 958 4588; x_wconf 92' lang='lat' dir='ltr'><strong>oum</strong></span> <span class='ocrx_word' id='word_1_322' title='bbox 1017 4521 1094 4582; x_wconf 76' lang='lat' dir='ltr'><strong>niam</strong></span> <span class='ocrx_word' id='word_1_323' title='bbox 1115 4517 1239 4598; x_wconf 84' lang='lat' dir='ltr'><strong>ducem,</strong></span> <span class='ocrx_word' id='word_1_324' title='bbox 1273 4519 1391 4581; x_wconf 89' lang='lat' dir='ltr'><strong>nullum</strong></span> <span class='ocrx_word' id='word_1_325' title='bbox 1409 4518 1500 4580; x_wconf 87' lang='lat' dir='ltr'><strong>alium</strong></span> <span class='ocrx_word' id='word_1_326' title='bbox 1521 4512 1630 4576; x_wconf 87' lang='lat' dir='ltr'><strong>intelle-</strong></span> 
     </span>
    </p>
   </div>
   <div class='ocr_carea' id='block_1_6' title="bbox 216 4621 1628 4723">
    <p class='ocr_par' dir='ltr' id='par_1_8' title="bbox 216 4621 1628 4723">
     <span class='ocr_line' id='line_1_37' title="bbox 216 4621 1628 4723; baseline 0.014 -39"><span class='ocrx_word' id='word_1_327' title='bbox 216 4715 220 4723; x_wconf 20' lang='grc' dir='ltr'>ἱ</span> <span class='ocrx_word' id='word_1_328' title='bbox 333 4626 575 4710; x_wconf 79' lang='lat' dir='ltr'><strong>praecedentibus</strong></span> <span class='ocrx_word' id='word_1_329' title='bbox 590 4631 668 4692; x_wconf 87' lang='lat' dir='ltr'><strong>male</strong></span> <span class='ocrx_word' id='word_1_330' title='bbox 687 4629 851 4694; x_wconf 81' lang='lat' dir='ltr'><strong>oohaerent.</strong></span> <span class='ocrx_word' id='word_1_331' title='bbox 875 4633 958 4694; x_wconf 84' lang='lat' dir='ltr'><strong>Prae·</strong></span> <span class='ocrx_word' id='word_1_332' title='bbox 1018 4627 1095 4688; x_wconf 73' lang='lat' dir='ltr'><strong>xiste</strong></span> <span class='ocrx_word' id='word_1_333' title='bbox 1108 4649 1199 4712; x_wconf 76' lang='lat' dir='ltr'><strong>quam</strong></span> <span class='ocrx_word' id='word_1_334' title='bbox 1213 4621 1376 4691; x_wconf 71' lang='lat' dir='ltr'><strong>Odtl⁰¹¹0fss</strong></span> <span class='ocrx_word' id='word_1_335' title='bbox 1390 4625 1417 4688; x_wconf 84' lang='lat' dir='ltr'><strong>F</strong></span> <span class='ocrx_word' id='word_1_336' title='bbox 1418 4621 1525 4688; x_wconf 62' lang='lat' dir='ltr'><strong>ridliii</strong></span> <span class='ocrx_word' id='word_1_337' title='bbox 1544 4635 1628 4704; x_wconf 58' lang='grc' dir='ltr'><strong>ΜΨ·</strong></span> 
     </span>
    </p>
   </div>
   <div class='ocr_carea' id='block_1_7' title="bbox 333 4717 1630 4926">
    <p class='ocr_par' dir='ltr' id='par_1_9' title="bbox 333 4717 1630 4926">
     <span class='ocr_line' id='line_1_38' title="bbox 334 4717 1630 4820; baseline -0.002 -27"><span class='ocrx_word' id='word_1_338' title='bbox 334 4743 416 4795; x_wconf 86' lang='lat' dir='ltr'><strong>terea</strong></span> <span class='ocrx_word' id='word_1_339' title='bbox 446 4752 563 4796; x_wconf 88' lang='lat' dir='ltr'><strong>comma</strong></span> <span class='ocrx_word' id='word_1_340' title='bbox 596 4717 689 4814; x_wconf 87' lang='lat' dir='ltr'><strong>illud,</strong></span> <span class='ocrx_word' id='word_1_341' title='bbox 731 4737 816 4820; x_wconf 88' lang='lat' dir='ltr'><strong>cujus</strong></span> <span class='ocrx_word' id='word_1_342' title='bbox 840 4737 958 4800; x_wconf 90' lang='lat' dir='ltr'><strong>initium</strong></span> <span class='ocrx_word' id='word_1_343' title='bbox 1018 4745 1090 4813; x_wconf 86' lang='lat' dir='ltr'><strong>tem,</strong></span> <span class='ocrx_word' id='word_1_344' title='bbox 1119 4733 1205 4818; x_wconf 90' lang='lat' dir='ltr'><strong>cujus</strong></span> <span class='ocrx_word' id='word_1_345' title='bbox 1220 4729 1284 4797; x_wconf 88' lang='lat' dir='ltr'><strong>fata</strong></span> <span class='ocrx_word' id='word_1_346' title='bbox 1304 4729 1541 4818; x_wconf 80' lang='lat' dir='ltr'><strong>insequentibus</strong></span> <span class='ocrx_word' id='word_1_347' title='bbox 1561 4733 1630 4791; x_wconf 77' lang='lat' dir='ltr'><strong>tsttl</strong></span> 
     </span>
     <span class='ocr_line' id='line_1_39' title="bbox 333 4838 1218 4926; baseline 0.006 -29"><span class='ocrx_word' id='word_1_348' title='bbox 333 4838 536 4913; x_wconf 88' lang='lat' dir='ltr'><strong>constituunt,</strong></span> <span class='ocrx_word' id='word_1_349' title='bbox 556 4861 614 4901; x_wconf 86' lang='lat' dir='ltr'><strong>una</strong></span> <span class='ocrx_word' id='word_1_350' title='bbox 636 4859 704 4902; x_wconf 88' lang='lat' dir='ltr'><strong>curn</strong></span> <span class='ocrx_word' id='word_1_351' title='bbox 723 4842 861 4926; x_wconf 84' lang='lat' dir='ltr'><strong>sequenti</strong></span> <span class='ocrx_word' id='word_1_352' title='bbox 878 4862 959 4905; x_wconf 90' lang='lat' dir='ltr'><strong>corn·</strong></span> <span class='ocrx_word' id='word_1_353' title='bbox 1019 4852 1218 4904; x_wconf 85' lang='lat' dir='ltr'><strong>enarraturus.</strong></span> 
     </span>
    </p>
   </div>
   <div class='ocr_carea' id='block_1_8' title="bbox 0 0 1742 5458">
    <p class='ocr_par' dir='ltr' id='par_1_10' title="bbox 0 0 1742 5458">
     <span class='ocr_line' id='line_1_40' title="bbox 0 0 1742 5458; baseline 0 0"><span class='ocrx_word' id='word_1_354' title='bbox 0 0 1742 5458; x_wconf 95' lang='lat' dir='ltr'><strong> </strong></span> 
     </span>
    </p>
   </div>
  </div>
 </body>
</html>
