3520 5462
639 350 895 428 HOTHERUS.
948 384 952 394 ·
1160 372 1164 382 '
1301 363 1366 436 ldl

115 578 278 637 conflate
286 561 411 636 uuor.
448 565 559 661 lgltur
572 561 724 655 Ollerus,
740 565 789 638 ab
801 563 933 638 Othino
941 567 1110 664 Byzantio
1126 567 1263 666 pulsus,
1276 575 1312 644 t'n
1328 577 1422 649 Svc·
1553 588 1566 610 ¹

114 692 198 759 tiam
211 688 401 779 concessit,
425 683 500 778 ubl,
516 684 627 760 veluti
644 709 741 762 novo
756 685 916 787 quodam
934 689 1035 779 orbe,
1050 695 1228 789 opinionis
1243 717 1318 770 suaa
1335 722 1422 772 mo-

113 824 282 884 numenta
299 811 695 902 restaurereoonoisus,
719 835 740 882 a
763 813 874 884 Danis
891 809 1095 886 interfectus
1119 830 1181 886 est.
1234 819 1344 892 Fama
1362 839 1440 916 est,

112 929 215 1004 illum
230 929 323 1004 adeo
345 931 607 1030 praestigiarum
640 937 730 1006 usu¹
763 931 940 1023 calluisse,
965 949 1005 1006 ut
1027 933 1073 1005 ad
1089 937 1297 1036 trajicienda
1313 948 1422 1018 maria

112 1075 205 1144 osse,
237 1051 340 1152 quod
356 1052 445 1128 diris
466 1053 685 1128 carutntbue
711 1055 983 1154 obsignavisset,
1008 1059 1138 1156 navigii
1156 1058 1239 1132 loco
1255 1078 1422 1159 uteretur,

114 1197 180 1248 nec
195 1179 523 1277 eoeegniusquam
540 1177 691 1276 retnigio
709 1179 880 1277 praejecto
896 1201 1072 1278 aquarum
1097 1179 1284 1254 obstacula
1306 1211 1422 1286 supc-

113 1313 216 1370 t'al'el.

246 1429 291 1495 At
304 1421 467 1515 Otltinus,
481 1429 701 1523 recuperatis
716 1422 906 1497 divinitatis
927 1425 1136 1524 insignibus,
1162 1397 1260 1498 tanto
1275 1431 1421 1526 opinio-

113 1544 166 1616 nis
181 1541 327 1642 fulgore
350 1553 487 1622 cunctis
509 1564 684 1621 terrarum
708 1545 873 1644 partibus
894 1547 1086 1638 enitebat2,
1113 1564 1152 1622 ut
1167 1574 1250 1620 eum
1273 1552 1423 1648 perinde

115 1689 157 1738 ac
178 1665 361 1741 redditum
390 1668 527 1744 mundo
551 1667 674 1744 lumen
703 1693 829 1743 omnes
852 1684 975 1767 gentes
999 1669 1315 1768 amplecterentur,
1355 1699 1424 1748 nec

115 1785 211 1862 ullus
224 1787 325 1863 orbis
342 1790 445 1867 locus
463 1808 606 1883 extaret,
641 1798 704 1891 qui
722 1793 877 1866 numinis
898 1791 978 1890 ejus
994 1799 1162 1890 potentias
1181 1819 1254 1867 non
1272 1814 1423 1894 pareret.

115 1912 182 2002 Qui
207 1935 291 1984 cum
306 1908 420 1988 filium
433 1915 585 2006 Boum³,
610 1939 774 2016 quemex
791 1914 907 1986 Rinda
927 1915 1127 2006 sustulerat,
1152 1915 1272 1991 bellici
1288 1917 1424 1994 laboris

115 2031 316 2108 audianum
331 2019 578 2137 cognosceret,
597 2039 808 2112 accersitum
824 2037 989 2110 fraternae
1004 2037 1115 2113 eladis
1129 2065 1328 2114 memorem
1344 2066 1423 2116 esse

113 2154 229 2254 jubet,
253 2157 376 2256 potius
389 2181 412 2232 a
427 2159 569 2234 Balderi
584 2159 871 2234 interfectoribus
888 2159 1061 2234 ultionem
1078 2179 1298 2252 exacturum,
1313 2189 1422 2262 quam

116 2281 402 2356 armis-innoxios
429 2307 710 2383 oppressurum,
745 2284 845 2382 quod
879 2285 996 2384 aptior
1020 2309 1062 2392 ac
1092 2283 1274 2358 salubrior
1299 2311 1424 2386 pugna
1477 2301 1479 2306 ’

116 2417 347 2504 competeret,
361 2403 537 2504 ubipium
552 2404 636 2479 belli
653 2404 774 2479 locum
790 2409 885 2506 justa
893 2405 1058 2480 vindict-ae
1075 2404 1216 2480 licentia
1232 2407 1422 2482 tribuisset.

246 2527 384 2602 Interea
406 2507 568 2604 Gevarm
591 2529 778 2602 Gunncnis
801 2545 953 2627 satrapae
969 2529 1025 2601 sui
1043 2527 1128 2601 dolo
1146 2531 1335 2602 nunciatur
1348 2555 1424 2628 op-

115 2669 275 2748 pressus.
326 2651 441 2750 Cujus
454 2647 593 2724 cladem
609 2651 790 2726 Hotherus
808 2653 990 2725 acerrimis
1004 2649 1149 2725 ultionis
1164 2650 1302 2725 viribus
1323 2658 1422 2726 insc-

117 2787 316 2869 quuturus,
341 2750 575 2875 interceptum
595 2778 810 2848 Gunnonem
836 2789 945 2873 atque
971 2773 1108 2848 ardenti
1129 2799 1231 2873 pyrae
1253 2776 1422 2872 injectum

117 2897 301 2987 cremavit,
326 2895 427 2996 quod
448 2901 527 2996 ipse
544 2901 727 2972 Gevarum
753 2913 834 2971 ante
854 2923 921 2997 per
942 2895 1088 2972 insidias
1111 2912 1330 2996 occupatum
1349 2921 1424 2970 no-

118 3033 245 3091 ctumo
266 3019 389 3094 vivum
413 3023 486 3120 igni
512 3023 817 3119 consumpserat⁴.
876 3019 1008 3094 Taliter
1031 3019 1234 3095 educatoris
1258 3019 1424 3094 manibus

115 3140 353 3238 parentando,
375 3141 469 3218 filios
483 3144 630 3218 demum
645 3140 828 3217 Herletum
852 3145 1088 3242 Geritumque
1111 3147 1299 3244 Norvagiae
1321 3169 1424 3244 prae·
1455 3249 1463 3272 ἱ
1573 3157 1577 3166 ·

116 3261 206 3338 tulit.

247 3389 334 3463 Post
345 3385 424 3463 haec
448 3392 585 3465 vocatis
606 3392 644 3462 in
660 3393 869 3463 concionem
890 3387 1099 3488 majoribus,
1123 3387 1233 3479 bello,
1251 3413 1328 3488 quo
1345 3391 1423 3462 Βο-

116 3535 180 3584 um
199 3513 366 3612 excipere
382 3507 524 3603 debeat,
547 3515 748 3610 periturum
770 3537 809 3586 se
824 3511 942 3602 refert,
957 3511 1067 3608 idque
1090 3535 1164 3583 non
1190 3507 1312 3584 dubiis
1329 3535 1424 3584 con-

113 3635 264 3734 jecturae
285 3633 421 3726 modis,
445 3633 511 3710 sed
532 3639 626 3710 reris
642 3651 764 3708 vatum
780 3633 1075 3734 praedictionibus
1091 3649 1287 3731 expertum.
1339 3635 1425 3707 Orat

113 3757 283 3856 proinde,
304 3755 420 3832 filium
443 3781 550 3832 suum
564 3759 752 3830 Rttricum⁶
781 3779 895 3855 regno
916 3755 1125 3854 praeficiant,
1151 3781 1197 3829 ne
1218 3758 1278 3855 jus
1291 3753 1363 3828 hoc
1377 3753 1425 3828 ad

114 3895 280 3954 exterma
295 3885 507 3982 ignotasque
521 3877 672 3953 familias
695 3878 947 3978 improborum
968 3901 1120 3953 censura
1152 3875 1425 3970 uansfunderet,

112 4001 202 4102 plns
222 4003 418 4104 voluptatis
431 4027 471 4078 se
485 4027 528 4076 ex
542 4001 605 4076 filii
620 4007 871 4094 successtione,
886 4026 996 4099 quam
1011 3999 1254 4076 amaritudinis
1266 4025 1310 4073 ex
1329 4025 1422 4098 pro-

112 4128 256 4228 pinqua
271 4143 387 4202 morte
405 4139 662 4226 percepturum
684 4139 840 4200 testatus.
904 4127 985 4216 Quo
1009 4126 1110 4198 ocius
1126 4127 1327 4223 impetrato,
1346 4147 1424 4219 pu·-

162 4369 292 4471 ¹Step'la
307 4407 402 4459 mum,
421 4382 476 4448 ted
496 4381 558 4448 n'd
578 4407 608 4469 p.
632 4381 701 4446 111.
844 4384 1019 4444 *Nocturna
1039 4385 1135 4442 uacum
1155 4383 1220 4463 agni
1229 4353 1422 4466 ‘comumpsm
1531 4456 1533 4465 y

157 4493 175 4528 ²
186 4481 335 4568 mactae]
354 4489 414 4554 Ed.
429 4513 477 4576 pr.
492 4491 585 4554 habet
598 4491 738 4552 inniteba-
801 4485 862 4567 rat]
875 4491 922 4549 De
935 4485 1030 4548 hocce
1044 4502 1129 4546 more
1144 4483 1246 4547 hostes
1265 4483 1424 4548 nocturnis

107 4613 181 4668 tur,
213 4607 282 4682 qim
304 4595 398 4662 lectio
417 4596 516 4662 errori
535 4593 643 4660 caluni
657 4591 743 4658 haud·
799 4591 919 4676 ignibru
940 4587 1137 4674 aggrediendi
1158 4591 1190 4654 iu
1208 4589 1424 4675 septentrione

107 4698 358 4768 dubiedebetan.
413 4697 417 4706 ’
494 4727 498 4751 ¹
799 4699 872 4763 satia
888 4696 1007 4780 vulgari
1024 4693 1084 4760 vid.
1101 4709 1167 4760 not.
1180 4695 1230 4760 ub.

160 4809 292 4875 'raian
304 4806 412 4891 hum]
434 4808 558 4893 Denillo
580 4811 649 4872 Boo
671 4802 738 4870 title
849 4801 929 4866 ‘Ed
943 4803 1039 4888 princ.
1054 4801 1166 4888 ubique
1187 4805 1315 4866 fldrt'cus.

110 4923 186 4976 not.
209 4911 293 4978 uber.

1162 5013 1235 5105 (Ψ)
