3442 5456
518 348 526 365 .
561 360 568 370 .
619 293 810 377 sturno
835 295 901 376 ιιι,
1292 290 1367 378 ιιι
1432 244 1440 262 “

242 505 356 580 Victor
369 501 515 596 nubs,
528 527 660 602 pacem
673 529 740 602 par
754 515 1014 600 omueegeotcs
1027 497 1181 587 reficere
1191 503 1348 603 cupiens,
1378 519 1416 576 ut

123 627 388 725 utumjusque
413 651 490 702 rem
516 624 728 701 familiarem
751 652 773 700 a
795 626 918 707 surum
933 624 1078 699 incluso
1099 639 1209 700 tutam
1223 641 1414 728 praestaret,

122 751 288 847 auumque
309 753 426 848 regnis
448 765 531 848 post
544 771 655 842 ,arma
669 751 875 838 assereret&
900 745 1075 823 armillam
1095 751 1224 820 ιιιιιιιιι2
1251 753 1287 820 in
1311 773 1414 846 rupe,

121 895 218 970 quam
230 871 421 946 Frotbonis
437 889 575 970 petram
595 875 813 962 nominant³‚
837 868 982 945 alteram
1005 868 1105 966 epod
1130 872 1212 972 Wig
1226 873 1413 968 provinci-

120 1018 179 1083 am,
201 991 316 1066 habita
332 1019 417 1068 cum
431 994 731 1096 Nosusgiensibus
746 995 926 1084 concime,
960 990 1093 1082 defixit,
1120 991 1244 1072 edictae
1262 1017 1282 1066 a
1297 1017 1337 1066 se
1351 995 1412 1076 in:-

120 1117 273 1194 uooentiae
292 1120 569 1214 experimentum
593 1117 750 1211 daturas,
775 1115 961 1192 subductis
984 1113 1119 1204 iisdem,
1144 1117 1181 1188 in
1201 1139 1324 1190 omnes
1348 1140 1413 1208 re·-

119 1239 218 1338 gionis
230 1237 399 1335 praesides
426 1237 781 1317 animadvertendum
803 1241 963 1314 nunatus.
1029 1241 1150 1336 ltaque
1166 1261 1307 1315 sumum
1329 1261 1414 1308 cum

118 1357 353 1456 prefectorum
370 1360 530 1458 periculo
545 1385 675 1437 aurum
689 1360 829 1460 absque
844 1358 1005 1437 custodie
1030 1360 1152 1437 mediis
1174 1359 1317 1432 affixum
1342 1359 1409 1430 tri-

117 1483 172 1556 viis
195 1506 362 1582 magnum
389 1484 543 1558 avaritie
579 1485 834 1562 imitamentum
859 1481 1015 1576 extabat,
1047 1499 1253 1586 opportune
1277 1484 1411 1580 rapinae

117 1601 224 1702 praeda
238 1602 343 1702 plena
358 1605 561 1706 cupiditatis
579 1612 718 1704 ingenia
737 1624 964 1706 provocante.
1013 1608 1136 1684 Statuit
1154 1605 1259 1696 idem,
1284 1621 1322 1682 ut
1341 1629 1411 1678 na-

118 1727 259 1825 rigantes
272 1729 424 1825 repertis
440 1728 646 1827 ubicunque
661 1732 770 1806 remis
785 1729 877 1806 licite
891 1731 1126 1804 [merentum¹
1177 1734 1326 1800 Amnem
1342 1751 1410 1798 ve-

117 1874 152 1922 ro
169 1851 360 1926 nansituris
377 1874 483 1924 usum
504 1855 609 1950 equi,
641 1878 752 1952 quem
771 1851 864 1928 vado
888 1855 1092 1951 proximum
1108 1853 1338 1948 reperissent,
1363 1847 1411 1922 li-

115 1971 228 2070 berum
262 1997 340 2068 esse
370 1976 553 2054 concessit.
636 1975 779 2050 Eodem
801 1972 1089 2051 descendendum
1123 1975 1200 2050 sore
1225 1975 1411 2060 coustituit,

117 2119 215 2192 quum
229 2099 368 2192 priores
383 2096 463 2194 ejus
478 2096 587 2194 pedes
604 2097 723 2172 solum
738 2100 960 2198 attingerent,
981 2114 1179 2199 postremos
1199 2093 1318 2170 adhuc
1335 2122 1410 2169 un·

116 2213 157 2291 ta
174 2215 361 2292 usblueret.
431 2217 573 2294 Talium
596 2220 774 2318 siquidem
795 2217 1071 2295 commodorum
1097 2219 1269 2294 beneficia
1294 2219 1411 2318 potius

116 2338 321 2415 humanitatis
346 2367 459 2438 quam
485 2346 623 2442 injuriae
642 2348 786 2416 nomine
804 2340 981 2416 censenda
1000 2341 1179 2416 credebar.
1232 2344 1410 2417 Caeterum
1529 2359 1537 2380 ·

115 2485 202 2541 reum
217 2463 339 2560 capitis
353 2463 441 2556 fieri,
468 2469 531 2564 qui
544 2481 712 2564 superato
729 2489 834 2539 amne
856 2465 939 2562 equi
957 2489 1064 2538 usum
1089 2465 1229 2566 longius
1250 2481 1411 2562 expetere

113 2585 398 2682 presumpsisset,
420 2589 575 2662 instituit.
634 2589 744 2665 tussis
771 2589 887 2680 ctiam,
911 2613 957 2658 ne
981 2590 1061 2686 quis
1080 2586 1193 2660 aedem
1214 2587 1273 2660 vel
1290 2612 1410 2662 arcem

113 2710 187 2780 seris
212 2705 440 2783 obfirmatam
463 2708 612 2788 haberet
651 2727 712 2784 aut
742 2735 819 2786 rem
848 2710 960 2786 ullam
985 2692 1221 2786 claustrorum
1251 2708 1409 2782 custodia

113 2829 299 2920 recineret,
328 2830 505 2929 triplicem
522 2836 732 2911 amissurum
755 2835 1007 2910 restitutionem
1036 2833 1254 2932 promittens.
1307 2837 1399 2906 Pras·

114 2963 197 3024 terea
212 2965 349 3027 tautum
368 2951 473 3028 alieni
495 2957 571 3029 cibi
593 2961 630 3028 in
646 2937 865 3030 commeatus
887 2963 1018 3035 assumi
1038 2955 1091 3030 fas
1108 2981 1206 3048 esse,
1234 2973 1409 3054 quantum

109 3073 164 3149 noi
183 3097 293 3156 coeuoe
316 3073 513 3170 sufficeret,
543 3077 810 3181 promulgabat
854 3059 994 3174 ¹Quam
1027 3083 1154 3178 siquis
1176 3083 1212 3152 in
1235 3077 1408 3177 capiendo

111 3216 298 3270 nemiuem
316 3197 519 3294 excederet,
551 3201 647 3275 furto
662 3201 839 3280 obnoxius
864 3201 1066 3276 haberetur.
1125 3205 1208 3276 Furi
1224 3229 1309 3276 vero
1331 3219 1407 3276 tra-

111 3480 275 3554 bsitsooen
283 3488 723 3574 nygtmtemacmtto·
777 3494 830 3560 tt·
844 3495 950 3576 sitsnr3
971 3495 1130 3579 provincis
1147 3513 1224 3558 sero
1244 3495 1408 3582 vig-eon-

110 3588 229 3660 *mutes
250 3597 369 3674 mltos,
402 3619 492 3684 quam
519 3603 599 3667 Saso
623 3603 722 3666 mium
779 3600 1015 3688 pleraeatlittus
1023 3601 1183 3686 Norsepiae
1195 3599 1407 3678 muidionsle3

111 3711 237 3762 accurate
249 3703 396 3786 expressit
409 3725 466 3788 per
486 3706 578 3786 vicos,
597 3727 666 3772 cum
682 3729 721 3770 ne
784 3708 826 3773 ita
841 3705 935 3792 igitur
949 3705 1075 3770 armillae
1088 3707 1119 3770 in
1144 3708 1284 3795 utrisque
1297 3707 1406 3772 linibus

110 3815 201 3868 tortu
218 3805 342 3892 quidem
356 3819 447 3872 aetete
464 3811 523 3876 vici
538 3814 665 3899 proprie
680 3819 723 3877 sic
785 3813 873 3898 regni
889 3812 1015 3876 fuerunt
1030 3813 1184 3899 esposieae.

110 3904 174 3970 dicti
184 3929 253 3974 rure
265 3912 298 3975 itt
314 3916 466 4000 Nortegla
480 3919 681 4008 reperiantur.
828 3921 957 3982 ‘Statuit
971 3921 1059 3992 rilem,
1074 3939 1107 3982 ιιι
1123 3926 1244 4006 repertis
1253 3921 1408 4002 ubieunque

149 4018 327 4100 ιΑθίιιυιύι]
349 4025 396 4088 ll·
413 4025 596 4108 stephanius
618 4027 722 4110 posuit
785 4032 869 4090 mnis
888 4029 967 4089 ticin
969 4023 1159 4111 fruerentur]
1175 4025 1341 4092 Occasione
1361 4045 1409 4086 ac·

108 4137 159 4200 pro
178 4121 333 4199 ιιιιιητιι,
353 4149 423 4214 quar
444 4131 539 4196 lectio
562 4130 721 4196 manifeste
783 4131 936 4194 miliarum
964 4131 1073 4194 iterum
1100 4129 1280 4194 exhihentur
1311 4131 1424 4220 speci-=

109 4235 148 4285 est
159 4225 273 4294 vitiosa.
782 4237 864 4301 mina
884 4239 1001 4319 trgum,
1027 4255 1155 4322 quasprm
1179 4235 1270 4298 ratio.
1278 4255 1341 4296 non
1363 4235 1408 4296 di-

147 4337 326 4405 'mittam
349 4341 451 4422 mem]
483 4343 647 4408 Deliacos
675 4365 723 4406 ar·
782 4361 868 4406 verse
890 4340 1008 4407 videtur
1027 4341 1066 4402 ab
1081 4342 1133 4420 iis,
1164 4341 1195 4402 in
1219 4362 1293 4426 qma
1317 4363 1407 4425 supra

107 4436 249 4510 ”libem
268 4443 302 4513 ὶιι
323 4446 422 4512 triviis
442 4448 632 4536 expositione
660 4447 721 4514 vid.
782 4446 1101 4512 commensurantes.
1121 4447 1313 4532 Excogiutae
1328 4447 1408 4508 enim

107 4554 164 4608 not.
181 4545 264 4614 uber.
781 4551 927 4618 sidentur
955 4549 1075 4618 suculis
1108 4563 1180 4636 post
1217 4553 1407 4617 Frothonarn

146 4651 209 4714 'Is
223 4679 309 4744 rupe,
331 4681 418 4744 μη
436 4663 593 4727 Frorlronis
608 4676 722 4747 petram
782 4657 891 4742 elapsis
906 4655 945 4722 ad
958 4656 1187 4724 describendam
1200 4681 1348 4724 summam
1361 4679 1408 4724 ae·

107 4757 561 4842 immurmurarent
575 4763 655 4835 head
669 4763 723 4828 du·
783 4762 943 4826 curitatem
963 4763 1116 4850 publicam
1145 4767 1268 4852 optimis
1290 4766 1407 4851 legium
1443 4785 1446 4792 ·

107 4853 218 4928 &tibi
232 4863 323 4934 linxit
342 4883 462 4954 petram
485 4873 517 4941 ia
537 4874 721 4958 ustorum·
781 4869 957 4949 ιιιιιίιίιιιιι.
1031 4916 1035 4927 ·
