3476 5460
380 307 456 385 418
712 309 886 380 tttstott.
903 309 1007 378 DAN.
1025 299 1163 380 Lmtttt
1179 309 1267 380 vttt.

331 521 524 599 interdictae
538 520 712 594 licentiam
729 532 947 616 usurpasset,
976 515 1200 590 Desiderium
1221 514 1304 608 boe,
1330 520 1455 617 inquit,
1479 537 1554 609 ret,
1572 543 1638 592 uun
1722 543 1723 550 ¹

331 667 402 724 tam
430 644 577 720 aviditas
597 667 676 715 mea
702 665 813 739 quam
829 639 950 712 habita
969 647 1056 713 inte
1079 639 1325 714 benevolentia
1346 643 1506 739 pqrerit3
1536 639 1639 714 fune-

331 773 434 845 ribus
468 769 563 840 enim
594 766 698 865 regiis
733 762 878 836 inferias
911 763 1078 838 convivio
1118 761 1377 861 persolvendas
1407 765 1641 837 memineram

330 901 456 994 ltaque
476 915 523 963 ne
547 885 716 985 epulum,
746 911 822 986 quo
844 901 915 959 tuae
939 899 1156 984 peragantur
1177 887 1357 984 exequiae,
1383 884 1655 960 ob'frumenti1'

331 1019 487 1113 inopiam
509 1009 648 1084 solenni
667 1011 825 1110 potionis
850 1033 920 1082 usu
948 1023 1086 1097 careat,
1111 1007 1282 1081 industria
1307 1011 1429 1108 potius
1451 1033 1562 1107 quarn
1583 1011 1639 1078 in-

330 1137 450 1238 gluvie
473 1133 603 1206 ductus
635 1128 808 1231 prohibiti
825 1129 977 1228 liquoris
993 1146 1277 1228 temperamento
1291 1131 1447 1230 providi.
1507 1133 1559 1204 Te
1574 1155 1640 1201 au·-

331 1251 404 1333 t'em
420 1271 500 1329 ante
518 1253 608 1328 alios
637 1251 754 1326 inedia
769 1255 971 1351 periturum
989 1257 1222 1351 prioremque
1244 1253 1354 1328 busto
1373 1279 1471 1353 'opus
1495 1251 1640 1326 babitu·

330 1407 412 1456 rum
428 1404 501 1452 non
525 1376 689 1474 ambigo,
720 1401 804 1447 cnm
820 1373 871 1447 ob
887 1373 959 1447 hoc
974 1375 1174 1447 inusitatam
1191 1377 1369 1472 parcitatis
1388 1375 1506 1476 legem
1520 1375 1640 1464 rolens,

331 1502 435 1603 quod
457 1499 661 1574 defuturam
685 1497 748 1569 tibi
765 1499 921 1594 primum
937 1496 1141 1570 alimoniam
1167 1503 1331 1574 verearis.
1397 1501 1482 1572 Tibi
1503 1498 1639 1597 quippe,

330 1653 406 1702 non
437 1624 513 1696 aliis
541 1619 761 1694 consulendo
790 1643 927 1692 novum
963 1621 1121 1694 avaritiae
1152 1639 1338 1695 auctorem
1362 1647 1467 1722 agere
1492 1624 1640 1694 sustines.

331 1755 424 1823 Tam
444 1744 585 1820 urbana
607 1743 760 1816 bominis
779 1740 954 1814 cavillatio
980 1747 1069 1814 imm
1096 1751 1192 1844 regis
1214 1749 1250 1816 in
1274 1745 1447 1818 ruborem
1471 1744 1638 1816 convertit

332 1875 512 1965 Quicum
547 1865 706 1964 publicae
734 1863 860 1938 salutis
881 1865 1064 1938 decretum
1097 1868 1133 1936 in
1167 1865 1364 1940 ludibrium
1394 1868 1451 1938 sui
1481 1863 1637 1938 recidisse

333 1999 571 2092 conspiceret,
598 1990 730 2062 omisso
754 1991 952 2063 communis
979 1987 1133 2062 utilitatis
1156 1990 1324 2082 consilio,
1355 1991 1541 2064 revocarit
1559 1985 1636 2058 edi·

332 2135 450 2206 ctum,
482 2117 762 2209 sententiamque
791 2111 934 2212 solvere
960 2137 1070 2212 quam
1093 2114 1224 2188 civium
1247 2115 1420 2198 ostensam
1440 2107 1637 2187 contrahere

332 2239 466 2315 maluit.
1309 2223 1311 2226 Ι

466 2361 649 2455 Cumque,
665 2372 708 2429 ut
731 2355 800 2428 dixi
812 2412 823 2449 ,
857 2359 932 2433 sive
947 2383 1077 2458 parum
1095 2355 1281 2457 compluta
1300 2357 1414 2432 humo
1445 2381 1513 2456 seu
1537 2357 1634 2428 niuri-

331 2511 396 2560 um
423 2478 576 2573 torrida,
605 2479 831 2577 torpentibus
871 2485 955 2554 satis
990 2505 1032 2554 ac
1048 2505 1159 2579 parce
1181 2481 1479 2556 fructificantibus
1501 2483 1635 2576 campis,

331 2607 458 2682 inediae
474 2603 628 2702 languor
642 2599 818 2674 desectam
834 2606 924 2676 escis
942 2606 1123 2703 regionem
1143 2621 1317 2696 attereret,
1334 2604 1556 2704 nullumque,
1569 2623 1633 2698 pa·

331 2755 413 2806 rum
428 2723 704 2826 suppetentibus
725 2722 909 2820 alimentis,
928 2725 1110 2801 trahendae
1126 2729 1231 2802 famis
1245 2743 1447 2828 superesset
1466 2723 1632 2810 auxilium,

331 2855 503 2955 Aggone²
526 2863 636 2946 atque
655 2845 829 2919 Ebbone³
849 2848 1069 2941 auctoribus,
1093 2849 1283 2948 plebiscito
1302 2858 1487 2951 provisum
1502 2859 1567 2938 est',
1586 2858 1632 2934 ut,

332 2976 476 3052 senibus
499 2997 542 3045 ac
562 2968 721 3068 parvulis
751 2971 850 3044 caesis
883 2973 1054 3078 omnique
1087 2974 1236 3046 demum
1256 2973 1391 3048 imbelli
1413 2988 1517 3046 aetate
1532 2991 1633 3068 reguo

333 3111 469 3198 egesta,
501 3093 660 3168 robustis
683 3089 854 3168 duntaxat
878 3097 993 3194 patria
1016 3093 1228 3188 donaretur,
1261 3121 1328 3170 uec
1353 3101 1419 3168 nisi
1446 3109 1509 3167 aut
1537 3093 1633 3166 armis

333 3236 394 3306 aut
414 3222 510 3318 agris
523 3217 693 3292 'colendis
717 3213 854 3292 habiles
879 3215 1066 3292 domestici
1091 3218 1175 3294 laris
1199 3237 1506 3318 paternorumque
1525 3237 1630 3316 pem-

331 3345 423 3418 tium
442 3340 649 3415 habitacula
673 3344 870 3432 retinerent
939 3343 1102 3433 Quorum
1123 3359 1236 3415 mater
1260 3343 1503 3432 Gambaruc⁴,
1523 3336 1572 3410 ul
1588 3331 1630 3407 ad

333 3491 372 3541 se
394 3463 637 3540 deferentibus
657 3465 756 3557 filiis,
781 3490 867 3537 cum
889 3488 911 3535 a
942 3462 1083 3538 scelesti
1105 3463 1239 3539 decreti
1264 3463 1474 3538 auctoribus
1496 3461 1630 3537 salutent

331 3589 369 3662 in
397 3588 543 3660 crimine
567 3590 758 3686 repositam
782 3584 1088 3680 animadverteret,
1122 3587 1289 3662 damnata
1304 3588 1483 3662 concionis
1498 3597 1629 3660 teutm-

331 3715 398 3806 tia,
429 3713 674 3784 necessitatem
707 3710 908 3808 parricidio
925 3708 1049 3783 redimi
1083 3729 1252 3810 oportere
1272 3711 1450 3811 negabat,
1492 3709 1629 3808 propius

331 3831 506 3908 honestati
522 3830 706 3905 consilium
721 3831 800 3906 fore
820 3855 980 3906 assereus
1006 3839 1283 3933 animorumque
1298 3859 1343 3908 ac
1356 3857 1549 3934 corporum
1562 3830 1629 3902 rir-

366 4151 437 4212 'Ed
446 4171 558 4234 pnpro
558 4149 808 4236 frumentihabet
808 4154 961 4238 fermenti.
1068 4148 1226 4232 ³Eblana]
1255 4154 1373 4214 Nomen
1404 4149 1487 4236 apud
1513 4144 1628 4211 Paulum

377 4251 530 4340 ἲΑόνςοιιι]
542 4263 632 4340 Agge
646 4256 727 4320 idem
743 4278 863 4336 nomeu,
878 4257 960 4346 quod
1021 4253 1255 4322 Warneiridum
1271 4258 1289 4318 l.
1309 4277 1334 4318 c.
1351 4256 1494 4320 scribitur
1507 4255 1587 4322 [bort
1597 4244 1629 4306 ‘3⁶

286 4447 288 4454 y
331 4380 390 4446 pro
435 4357 557 4423 diversa
585 4363 804 4445 pronuntiandi
841 4363 959 4426 ratione
1020 4359 1080 4424 hoc
1097 4363 1217 4424 nomine
1229 4362 1290 4426 rid.
1307 4385 1389 4448 supr.
1402 4385 1433 4446 p.
1450 4356 1517 4424 ΜΒ.

331 4466 475 4529 scribitur
505 4489 521 4530 a
549 4469 646 4531 Paulo
675 4467 879 4536 Warnefrido
908 4465 959 4551 (de
1064 4465 1264 4549 *Gamboruc]
1284 4473 1413 4546 Nomen,
1433 4465 1557 4554 quadiu
1571 4477 1628 4522 mu·

332 4567 433 4634 Gestis
445 4573 640 4658 Longobard.
656 4573 709 4636 lib.
727 4571 743 4636 1
763 4595 828 4659 cap.
841 4571 874 4656 3)
888 4578 960 4657 Ajo,
1018 4574 1172 4636 numentis
1194 4575 1305 4636 nostris
1319 4575 1370 4636 rix
1384 4575 1445 4636 alio
1458 4575 1488 4634 iu
1502 4573 1565 4632 loco
1581 4581 1630 4626 οῦ·

333 4675 372 4739 ab
385 4677 510 4740 lelandis
524 4683 593 4753 Akt',
610 4679 737 4744 aDauis'
748 4687 843 4765 Auge.
896 4685 958 4744 No·
1019 4682 1123 4758 currit,
1140 4681 1284 4744 scribitur
1299 4705 1315 4744 a
1328 4681 1426 4744 Paulo
1440 4668 1630 4748 Wsrnesritlt)

333 4781 450 4846 mettin
468 4783 598 4868 antiquis
618 4791 730 4852 nostris
750 4789 956 4852 monumentis
1017 4787 1177 4858 Gambaro,
1193 4786 1275 4870 quod
1289 4787 1405 4851 accedit
1416 4785 1630 4848 adGumuram·

333 4909 415 4973 saepe
433 4892 573 4954 occurrit.
1014 4911 1125 4952 nomen
1145 4893 1329 4956 nostratibus
1343 4893 1491 4978 frequens.
