<?xml version="1.0" encoding="UTF-8"?>
<!DOCTYPE html PUBLIC "-//W3C//DTD XHTML 1.0 Transitional//EN"
    "http://www.w3.org/TR/xhtml1/DTD/xhtml1-transitional.dtd">
<html xmlns="http://www.w3.org/1999/xhtml" xml:lang="en" lang="en">
 <head>
  <title>
</title>
<meta http-equiv="Content-Type" content="text/html;charset=utf-8" />
  <meta name='ocr-system' content='tesseract 3.04.00' />
  <meta name='ocr-capabilities' content='ocr_page ocr_carea ocr_par ocr_line ocrx_word'/>
</head>
<body>
  <div class='ocr_page' id='page_1' title='image "./historiadanica00velsgoog_0490.png"; bbox 0 0 3506 5458; ppageno 0'>
   <div class='ocr_carea' id='block_1_1' title="bbox 682 318 1379 398">
    <p class='ocr_par' dir='ltr' id='par_1_1' title="bbox 682 318 1379 398">
     <span class='ocr_line' id='line_1_1' title="bbox 682 318 1379 398; baseline 0.013 -9"><span class='ocrx_word' id='word_1_1' title='bbox 682 318 858 391; x_wconf 84' lang='lat' dir='ltr'><strong>GORMO.</strong></span> <span class='ocrx_word' id='word_1_2' title='bbox 1303 321 1379 398; x_wconf 76' lang='grc'><strong>4119</strong></span> 
     </span>
    </p>
   </div>
   <div class='ocr_carea' id='block_1_2' title="bbox 110 522 1501 2580">
    <p class='ocr_par' dir='ltr' id='par_1_2' title="bbox 110 522 1501 2580">
     <span class='ocr_line' id='line_1_2' title="bbox 120 522 1428 628; baseline -0.001 -25"><span class='ocrx_word' id='word_1_3' title='bbox 120 542 264 620; x_wconf 79' lang='lat' dir='ltr'><strong>teretur,</strong></span> <span class='ocrx_word' id='word_1_4' title='bbox 286 549 417 626; x_wconf 88' lang='lat' dir='ltr'><strong>parum</strong></span> <span class='ocrx_word' id='word_1_5' title='bbox 438 522 715 624; x_wconf 80' lang='lat' dir='ltr'><strong>respondentem</strong></span> <span class='ocrx_word' id='word_1_6' title='bbox 732 530 874 627; x_wconf 87' lang='lat' dir='ltr'><strong>corpori</strong></span> <span class='ocrx_word' id='word_1_7' title='bbox 897 527 1075 600; x_wconf 86' lang='lat' dir='ltr'><strong>animum¹</strong></span> <span class='ocrx_word' id='word_1_8' title='bbox 1095 530 1212 628; x_wconf 82' lang='lat' dir='ltr'><strong>gessit.</strong></span> <span class='ocrx_word' id='word_1_9' title='bbox 1243 613 1248 620; x_wconf 60' lang='grc'><strong>,</strong></span> <span class='ocrx_word' id='word_1_10' title='bbox 1270 534 1321 620; x_wconf 88' lang='lat' dir='ltr'><strong>lta</strong></span> <span class='ocrx_word' id='word_1_11' title='bbox 1336 533 1428 610; x_wconf 87' lang='lat' dir='ltr'><strong>enim</strong></span> 
     </span>
     <span class='ocr_line' id='line_1_3' title="bbox 119 645 1428 755; baseline 0 -29"><span class='ocrx_word' id='word_1_12' title='bbox 119 675 241 727; x_wconf 85' lang='lat' dir='ltr'><strong>mores</strong></span> <span class='ocrx_word' id='word_1_13' title='bbox 266 665 351 729; x_wconf 82' lang='lat' dir='ltr'><strong>suos</strong></span> <span class='ocrx_word' id='word_1_14' title='bbox 371 653 460 722; x_wconf 88' lang='lat' dir='ltr'><strong>intra</strong></span> <span class='ocrx_word' id='word_1_15' title='bbox 487 645 659 750; x_wconf 85' lang='lat' dir='ltr'><strong>regnandi</strong></span> <span class='ocrx_word' id='word_1_16' title='bbox 674 649 865 722; x_wconf 88' lang='lat' dir='ltr'><strong>satietatem</strong></span> <span class='ocrx_word' id='word_1_17' title='bbox 882 651 1069 740; x_wconf 81' lang='lat' dir='ltr'><strong>continuit,</strong></span> <span class='ocrx_word' id='word_1_18' title='bbox 1100 667 1142 755; x_wconf 78' lang='lat' dir='ltr'><strong>ut</strong></span> <span class='ocrx_word' id='word_1_19' title='bbox 1155 668 1295 728; x_wconf 85' lang='lat' dir='ltr'><strong>servata</strong></span> <span class='ocrx_word' id='word_1_20' title='bbox 1308 655 1428 751; x_wconf 88' lang='lat' dir='ltr'><strong>potius</strong></span> 
     </span>
     <span class='ocr_line' id='line_1_4' title="bbox 117 769 1427 873; baseline 0.004 -27"><span class='ocrx_word' id='word_1_21' title='bbox 117 797 231 870; x_wconf 89' lang='lat' dir='ltr'><strong>quam</strong></span> <span class='ocrx_word' id='word_1_22' title='bbox 247 788 351 846; x_wconf 84' lang='lat' dir='ltr'><strong>aucta</strong></span> <span class='ocrx_word' id='word_1_23' title='bbox 367 771 551 868; x_wconf 84' lang='lat' dir='ltr'><strong>majestate</strong></span> <span class='ocrx_word' id='word_1_24' title='bbox 569 769 750 870; x_wconf 81' lang='lat' dir='ltr'><strong>gauderet,</strong></span> <span class='ocrx_word' id='word_1_25' title='bbox 785 771 967 867; x_wconf 74' lang='lat' dir='ltr'><strong>sanusque</strong></span> <span class='ocrx_word' id='word_1_26' title='bbox 981 773 1071 844; x_wconf 89' lang='lat' dir='ltr'><strong>tucri</strong></span> <span class='ocrx_word' id='word_1_27' title='bbox 1100 779 1290 872; x_wconf 89' lang='lat' dir='ltr'><strong>proprium</strong></span> <span class='ocrx_word' id='word_1_28' title='bbox 1316 800 1427 873; x_wconf 87' lang='lat' dir='ltr'><strong>quam</strong></span> 
     </span>
     <span class='ocr_line' id='line_1_5' title="bbox 117 891 1427 998; baseline 0.002 -30"><span class='ocrx_word' id='word_1_29' title='bbox 117 896 274 969; x_wconf 85' lang='lat' dir='ltr'><strong>alienum</strong></span> <span class='ocrx_word' id='word_1_30' title='bbox 283 895 456 980; x_wconf 73' lang='lat' dir='ltr'><strong>incessere</strong></span> <span class='ocrx_word' id='word_1_31' title='bbox 470 891 628 982; x_wconf 90' lang='lat' dir='ltr'><strong>duceret,</strong></span> <span class='ocrx_word' id='word_1_32' title='bbox 653 895 767 990; x_wconf 81' lang='lat' dir='ltr'><strong>magis</strong></span> <span class='ocrx_word' id='word_1_33' title='bbox 790 891 837 966; x_wconf 91' lang='lat' dir='ltr'><strong>de</strong></span> <span class='ocrx_word' id='word_1_34' title='bbox 853 898 1108 994; x_wconf 87' lang='lat' dir='ltr'><strong>acquisitorum</strong></span> <span class='ocrx_word' id='word_1_35' title='bbox 1123 897 1283 970; x_wconf 88' lang='lat' dir='ltr'><strong>custodia</strong></span> <span class='ocrx_word' id='word_1_36' title='bbox 1315 923 1427 998; x_wconf 91' lang='lat' dir='ltr'><strong>quam</strong></span> 
     </span>
     <span class='ocr_line' id='line_1_6' title="bbox 116 1015 1427 1120; baseline -0.001 -27"><span class='ocrx_word' id='word_1_37' title='bbox 116 1015 417 1116; x_wconf 76' lang='lat' dir='ltr'><strong>acquirendorum</strong></span> <span class='ocrx_word' id='word_1_38' title='bbox 435 1015 652 1090; x_wconf 88' lang='lat' dir='ltr'><strong>incremento</strong></span> <span class='ocrx_word' id='word_1_39' title='bbox 669 1015 836 1092; x_wconf 86' lang='lat' dir='ltr'><strong>solicitus.</strong></span> <span class='ocrx_word' id='word_1_40' title='bbox 889 1019 955 1088; x_wconf 90' lang='lat' dir='ltr'><strong>Hic</strong></span> <span class='ocrx_word' id='word_1_41' title='bbox 974 1040 996 1088; x_wconf 88' lang='lat' dir='ltr'><strong>a</strong></span> <span class='ocrx_word' id='word_1_42' title='bbox 1011 1018 1230 1114; x_wconf 89' lang='lat' dir='ltr'><strong>majoribus²</strong></span> <span class='ocrx_word' id='word_1_43' title='bbox 1250 1020 1427 1120; x_wconf 79' lang='lat' dir='ltr'><strong>coujuga-</strong></span> 
     </span>
     <span class='ocr_line' id='line_1_7' title="bbox 116 1136 1427 1238; baseline 0.005 -28"><span class='ocrx_word' id='word_1_44' title='bbox 116 1139 166 1210; x_wconf 89' lang='lat' dir='ltr'><strong>lia</strong></span> <span class='ocrx_word' id='word_1_45' title='bbox 187 1163 287 1212; x_wconf 87' lang='lat' dir='ltr'><strong>sacra</strong></span> <span class='ocrx_word' id='word_1_46' title='bbox 303 1136 486 1210; x_wconf 90' lang='lat' dir='ltr'><strong>celebrare</strong></span> <span class='ocrx_word' id='word_1_47' title='bbox 506 1143 742 1234; x_wconf 87' lang='lat' dir='ltr'><strong>permonitus,</strong></span> <span class='ocrx_word' id='word_1_48' title='bbox 772 1136 970 1238; x_wconf 80' lang='lat' dir='ltr'><strong>Angloruin</strong></span> <span class='ocrx_word' id='word_1_49' title='bbox 994 1140 1087 1238; x_wconf 82' lang='lat' dir='ltr'><strong>regis</strong></span> <span class='ocrx_word' id='word_1_50' title='bbox 1115 1139 1282 1216; x_wconf 87' lang='lat' dir='ltr'><strong>Edelradi</strong></span> <span class='ocrx_word' id='word_1_51' title='bbox 1307 1139 1427 1230; x_wconf 85' lang='lat' dir='ltr'><strong>filiam,</strong></span> 
     </span>
     <span class='ocr_line' id='line_1_8' title="bbox 115 1255 1427 1360; baseline 0.002 -28"><span class='ocrx_word' id='word_1_52' title='bbox 115 1260 285 1358; x_wconf 76' lang='lat' dir='ltr'><strong>Thyrum,</strong></span> <span class='ocrx_word' id='word_1_53' title='bbox 300 1259 449 1356; x_wconf 83' lang='lat' dir='ltr'><strong>nuptiali</strong></span> <span class='ocrx_word' id='word_1_54' title='bbox 462 1255 578 1331; x_wconf 87' lang='lat' dir='ltr'><strong>studio</strong></span> <span class='ocrx_word' id='word_1_55' title='bbox 593 1260 770 1332; x_wconf 88' lang='lat' dir='ltr'><strong>insecutus</strong></span> <span class='ocrx_word' id='word_1_56' title='bbox 785 1273 846 1330; x_wconf 90' lang='lat' dir='ltr'><strong>est.</strong></span> <span class='ocrx_word' id='word_1_57' title='bbox 899 1256 973 1350; x_wconf 88' lang='lat' dir='ltr'><strong>llla,</strong></span> <span class='ocrx_word' id='word_1_58' title='bbox 990 1275 1028 1332; x_wconf 92' lang='lat' dir='ltr'><strong>ut</strong></span> <span class='ocrx_word' id='word_1_59' title='bbox 1045 1277 1117 1340; x_wconf 86' lang='lat' dir='ltr'><strong>erat</strong></span> <span class='ocrx_word' id='word_1_60' title='bbox 1130 1264 1300 1360; x_wconf 84' lang='lat' dir='ltr'><strong>gravitate</strong></span> <span class='ocrx_word' id='word_1_61' title='bbox 1318 1278 1427 1359; x_wconf 91' lang='lat' dir='ltr'><strong>atque</strong></span> 
     </span>
     <span class='ocr_line' id='line_1_9' title="bbox 115 1376 1427 1478; baseline 0 -24"><span class='ocrx_word' id='word_1_62' title='bbox 115 1381 289 1456; x_wconf 89' lang='lat' dir='ltr'><strong>industria</strong></span> <span class='ocrx_word' id='word_1_63' title='bbox 303 1397 384 1454; x_wconf 91' lang='lat' dir='ltr'><strong>ante</strong></span> <span class='ocrx_word' id='word_1_64' title='bbox 397 1381 483 1454; x_wconf 88' lang='lat' dir='ltr'><strong>alias</strong></span> <span class='ocrx_word' id='word_1_65' title='bbox 498 1396 681 1478; x_wconf 83' lang='lat' dir='ltr'><strong>praestans,</strong></span> <span class='ocrx_word' id='word_1_66' title='bbox 709 1377 945 1452; x_wconf 82' lang='lat' dir='ltr'><strong>conditionem</strong></span> <span class='ocrx_word' id='word_1_67' title='bbox 963 1387 1094 1478; x_wconf 82' lang='lat' dir='ltr'><strong>proco³</strong></span> <span class='ocrx_word' id='word_1_68' title='bbox 1116 1381 1240 1474; x_wconf 88' lang='lat' dir='ltr'><strong>attulit,</strong></span> <span class='ocrx_word' id='word_1_69' title='bbox 1255 1410 1327 1456; x_wconf 91' lang='lat' dir='ltr'><strong>uon</strong></span> <span class='ocrx_word' id='word_1_70' title='bbox 1347 1376 1427 1456; x_wconf 85' lang='lat' dir='ltr'><strong>ante</strong></span> 
     </span>
     <span class='ocr_line' id='line_1_10' title="bbox 113 1502 1424 1602; baseline 0 -24"><span class='ocrx_word' id='word_1_71' title='bbox 113 1531 156 1578; x_wconf 85' lang='lat' dir='ltr'><strong>se</strong></span> <span class='ocrx_word' id='word_1_72' title='bbox 172 1507 204 1576; x_wconf 91' lang='lat' dir='ltr'><strong>ei</strong></span> <span class='ocrx_word' id='word_1_73' title='bbox 221 1517 413 1602; x_wconf 79' lang='lat' dir='ltr'><strong>nupturam</strong></span> <span class='ocrx_word' id='word_1_74' title='bbox 430 1504 587 1602; x_wconf 84' lang='lat' dir='ltr'><strong>praelata,</strong></span> <span class='ocrx_word' id='word_1_75' title='bbox 609 1527 718 1602; x_wconf 90' lang='lat' dir='ltr'><strong>quam</strong></span> <span class='ocrx_word' id='word_1_76' title='bbox 734 1506 885 1576; x_wconf 86' lang='lat' dir='ltr'><strong>Damam</strong></span> <span class='ocrx_word' id='word_1_77' title='bbox 902 1503 972 1576; x_wconf 88' lang='lat' dir='ltr'><strong>sub</strong></span> <span class='ocrx_word' id='word_1_78' title='bbox 990 1502 1082 1578; x_wconf 91' lang='lat' dir='ltr'><strong>dotis</strong></span> <span class='ocrx_word' id='word_1_79' title='bbox 1100 1508 1244 1580; x_wconf 90' lang='lat' dir='ltr'><strong>nomine</strong></span> <span class='ocrx_word' id='word_1_80' title='bbox 1259 1507 1424 1602; x_wconf 87' lang='lat' dir='ltr'><strong>recepis-</strong></span> 
     </span>
     <span class='ocr_line' id='line_1_11' title="bbox 114 1622 1424 1724; baseline -0.003 -24"><span class='ocrx_word' id='word_1_81' title='bbox 114 1629 204 1700; x_wconf 82' lang='lat' dir='ltr'><strong>set⁴.</strong></span> <span class='ocrx_word' id='word_1_82' title='bbox 256 1628 384 1723; x_wconf 87' lang='lat' dir='ltr'><strong>quue</strong></span> <span class='ocrx_word' id='word_1_83' title='bbox 404 1640 511 1722; x_wconf 90' lang='lat' dir='ltr'><strong>paeto</strong></span> <span class='ocrx_word' id='word_1_84' title='bbox 526 1622 773 1714; x_wconf 88' lang='lat' dir='ltr'><strong>intercedente,</strong></span> <span class='ocrx_word' id='word_1_85' title='bbox 791 1627 965 1701; x_wconf 89' lang='lat' dir='ltr'><strong>Gcrmoni</strong></span> <span class='ocrx_word' id='word_1_86' title='bbox 983 1625 1180 1724; x_wconf 86' lang='lat' dir='ltr'><strong>desponsa,</strong></span> <span class='ocrx_word' id='word_1_87' title='bbox 1208 1641 1324 1716; x_wconf 90' lang='lat' dir='ltr'><strong>nocte,</strong></span> <span class='ocrx_word' id='word_1_88' title='bbox 1350 1651 1424 1724; x_wconf 89' lang='lat' dir='ltr'><strong>qua</strong></span> 
     </span>
     <span class='ocr_line' id='line_1_12' title="bbox 115 1744 1426 1848; baseline -0.003 -26"><span class='ocrx_word' id='word_1_89' title='bbox 115 1753 235 1848; x_wconf 87' lang='lat' dir='ltr'><strong>prima</strong></span> <span class='ocrx_word' id='word_1_90' title='bbox 264 1746 439 1848; x_wconf 85' lang='lat' dir='ltr'><strong>genialem</strong></span> <span class='ocrx_word' id='word_1_91' title='bbox 465 1763 584 1819; x_wconf 91' lang='lat' dir='ltr'><strong>torum</strong></span> <span class='ocrx_word' id='word_1_92' title='bbox 614 1744 838 1836; x_wconf 84' lang='lat' dir='ltr'><strong>conscendit,</strong></span> <span class='ocrx_word' id='word_1_93' title='bbox 868 1770 1041 1842; x_wconf 89' lang='lat' dir='ltr'><strong>sponsum</strong></span> <span class='ocrx_word' id='word_1_94' title='bbox 1070 1749 1426 1846; x_wconf 75' lang='lat' dir='ltr'><strong>perseverantissimis</strong></span> 
     </span>
     <span class='ocr_line' id='line_1_13' title="bbox 114 1866 1423 1970; baseline -0.004 -26"><span class='ocrx_word' id='word_1_95' title='bbox 114 1870 284 1968; x_wconf 83' lang='lat' dir='ltr'><strong>precibus</strong></span> <span class='ocrx_word' id='word_1_96' title='bbox 307 1893 487 1970; x_wconf 84' lang='lat' dir='ltr'><strong>aggressa,</strong></span> <span class='ocrx_word' id='word_1_97' title='bbox 511 1875 548 1942; x_wconf 93' lang='lat' dir='ltr'><strong>in</strong></span> <span class='ocrx_word' id='word_1_98' title='bbox 574 1866 731 1940; x_wconf 89' lang='lat' dir='ltr'><strong>triduum</strong></span> <span class='ocrx_word' id='word_1_99' title='bbox 750 1891 788 1942; x_wconf 85' lang='lat' dir='ltr'><strong>se</strong></span> <span class='ocrx_word' id='word_1_100' title='bbox 808 1866 917 1946; x_wconf 76' lang='lat' dir='ltr'><strong>virilis</strong></span> <span class='ocrx_word' id='word_1_101' title='bbox 934 1870 1144 1944; x_wconf 87' lang='lat' dir='ltr'><strong>concubitus</strong></span> <span class='ocrx_word' id='word_1_102' title='bbox 1167 1885 1345 1968; x_wconf 83' lang='lat' dir='ltr'><strong>expertem</strong></span> <span class='ocrx_word' id='word_1_103' title='bbox 1363 1867 1423 1940; x_wconf 92' lang='lat' dir='ltr'><strong>di-</strong></span> 
     </span>
     <span class='ocr_line' id='line_1_14' title="bbox 113 1989 1423 2089; baseline 0 -27"><span class='ocrx_word' id='word_1_104' title='bbox 113 1994 203 2069; x_wconf 90' lang='lat' dir='ltr'><strong>mitti</strong></span> <span class='ocrx_word' id='word_1_105' title='bbox 219 1994 356 2089; x_wconf 89' lang='lat' dir='ltr'><strong>petivit,</strong></span> <span class='ocrx_word' id='word_1_106' title='bbox 372 2017 445 2064; x_wconf 89' lang='lat' dir='ltr'><strong>noo</strong></span> <span class='ocrx_word' id='word_1_107' title='bbox 462 2007 541 2063; x_wconf 89' lang='lat' dir='ltr'><strong>ante</strong></span> <span class='ocrx_word' id='word_1_108' title='bbox 557 1989 667 2064; x_wconf 85' lang='lat' dir='ltr'><strong>rebus</strong></span> <span class='ocrx_word' id='word_1_109' title='bbox 684 1992 850 2064; x_wconf 87' lang='lat' dir='ltr'><strong>Venereis</strong></span> <span class='ocrx_word' id='word_1_110' title='bbox 866 1989 1055 2089; x_wconf 79' lang='lat' dir='ltr'><strong>indulgere</strong></span> <span class='ocrx_word' id='word_1_111' title='bbox 1071 1997 1297 2082; x_wconf 88' lang='lat' dir='ltr'><strong>constituens,</strong></span> <span class='ocrx_word' id='word_1_112' title='bbox 1317 2015 1423 2088; x_wconf 88' lang='lat' dir='ltr'><strong>quam</strong></span> 
     </span>
     <span class='ocr_line' id='line_1_15' title="bbox 112 2111 1424 2211; baseline 0.003 -25"><span class='ocrx_word' id='word_1_113' title='bbox 112 2117 378 2202; x_wconf 77' lang='lat' dir='ltr'><strong>matrimonium</strong></span> <span class='ocrx_word' id='word_1_114' title='bbox 393 2111 554 2188; x_wconf 86' lang='lat' dir='ltr'><strong>creandis</strong></span> <span class='ocrx_word' id='word_1_115' title='bbox 574 2111 696 2186; x_wconf 89' lang='lat' dir='ltr'><strong>liberis</strong></span> <span class='ocrx_word' id='word_1_116' title='bbox 713 2113 834 2188; x_wconf 76' lang='lat' dir='ltr'><strong>cilicas</strong></span> <span class='ocrx_word' id='word_1_117' title='bbox 853 2113 1013 2186; x_wconf 85' lang='lat' dir='ltr'><strong>futurum</strong></span> <span class='ocrx_word' id='word_1_118' title='bbox 1036 2111 1157 2210; x_wconf 90' lang='lat' dir='ltr'><strong>aliquo</strong></span> <span class='ocrx_word' id='word_1_119' title='bbox 1179 2139 1245 2210; x_wconf 87' lang='lat' dir='ltr'><strong>per</strong></span> <span class='ocrx_word' id='word_1_120' title='bbox 1269 2118 1424 2211; x_wconf 84' lang='lat' dir='ltr'><strong>quietem</strong></span> 
     </span>
     <span class='ocr_line' id='line_1_16' title="bbox 112 2235 1425 2335; baseline -0.002 -25"><span class='ocrx_word' id='word_1_121' title='bbox 112 2244 292 2335; x_wconf 85' lang='lat' dir='ltr'><strong>praesagio</strong></span> <span class='ocrx_word' id='word_1_122' title='bbox 309 2235 497 2335; x_wconf 83' lang='lat' dir='ltr'><strong>didicisset</strong></span> <span class='ocrx_word' id='word_1_123' title='bbox 561 2239 685 2334; x_wconf 89' lang='lat' dir='ltr'><strong>ltaque</strong></span> <span class='ocrx_word' id='word_1_124' title='bbox 709 2235 933 2310; x_wconf 89' lang='lat' dir='ltr'><strong>simulatione</strong></span> <span class='ocrx_word' id='word_1_125' title='bbox 964 2236 1186 2308; x_wconf 86' lang='lat' dir='ltr'><strong>continentiae</strong></span> <span class='ocrx_word' id='word_1_126' title='bbox 1216 2237 1425 2310; x_wconf 85' lang='lat' dir='ltr'><strong>matrimonii</strong></span> 
     </span>
     <span class='ocr_line' id='line_1_17' title="bbox 110 2356 1501 2458; baseline -0.003 -24"><span class='ocrx_word' id='word_1_127' title='bbox 110 2363 364 2458; x_wconf 80' lang='lat' dir='ltr'><strong>experientiam</strong></span> <span class='ocrx_word' id='word_1_128' title='bbox 378 2357 639 2456; x_wconf 82' lang='lat' dir='ltr'><strong>interpellabat,</strong></span> <span class='ocrx_word' id='word_1_129' title='bbox 671 2356 930 2457; x_wconf 86' lang='lat' dir='ltr'><strong>cognoscendae</strong></span> <span class='ocrx_word' id='word_1_130' title='bbox 957 2358 1171 2456; x_wconf 86' lang='lat' dir='ltr'><strong>posteritatis</strong></span> <span class='ocrx_word' id='word_1_131' title='bbox 1196 2365 1423 2456; x_wconf 88' lang='lat' dir='ltr'><strong>propositum</strong></span> <span class='ocrx_word' id='word_1_132' title='bbox 1493 2391 1501 2404; x_wconf 37' lang='lat' dir='ltr'>x</span> 
     </span>
     <span class='ocr_line' id='line_1_18' title="bbox 111 2476 1423 2580; baseline -0.005 -24"><span class='ocrx_word' id='word_1_133' title='bbox 111 2481 293 2580; x_wconf 89' lang='lat' dir='ltr'><strong>pudicitiae</strong></span> <span class='ocrx_word' id='word_1_134' title='bbox 317 2485 434 2580; x_wconf 86' lang='lat' dir='ltr'><strong>specie</strong></span> <span class='ocrx_word' id='word_1_135' title='bbox 463 2479 693 2569; x_wconf 88' lang='lat' dir='ltr'><strong>colorando⁵,</strong></span> <span class='ocrx_word' id='word_1_136' title='bbox 726 2482 1055 2576; x_wconf 86' lang='lat' dir='ltr'><strong>commerciumque</strong></span> <span class='ocrx_word' id='word_1_137' title='bbox 1089 2476 1246 2552; x_wconf 88' lang='lat' dir='ltr'><strong>libidinis</strong></span> <span class='ocrx_word' id='word_1_138' title='bbox 1279 2476 1423 2570; x_wconf 82' lang='lat' dir='ltr'><strong>distulit,</strong></span> 
     </span>
    </p>
   </div>
   <div class='ocr_carea' id='block_1_3' title="bbox 105 2760 737 3894">
    <p class='ocr_par' dir='ltr' id='par_1_3' title="bbox 105 2760 737 3364">
     <span class='ocr_line' id='line_1_19' title="bbox 110 2760 736 2845; baseline 0 -25"><span class='ocrx_word' id='word_1_139' title='bbox 110 2760 273 2822; x_wconf 45' lang='lat' dir='ltr'><strong>,tronellus</strong></span> <span class='ocrx_word' id='word_1_140' title='bbox 287 2761 422 2845; x_wconf 82' lang='lat' dir='ltr'><strong>tenrplum</strong></span> <span class='ocrx_word' id='word_1_141' title='bbox 433 2761 552 2820; x_wconf 82' lang='lat' dir='ltr'><strong>Honori</strong></span> <span class='ocrx_word' id='word_1_142' title='bbox 564 2776 593 2820; x_wconf 88' lang='lat' dir='ltr'><strong>et</strong></span> <span class='ocrx_word' id='word_1_143' title='bbox 607 2763 736 2830; x_wconf 76' lang='lat' dir='ltr'><strong>Virtmi,</strong></span> 
     </span>
     <span class='ocr_line' id='line_1_20' title="bbox 111 2865 736 2952; baseline -0.003 -26"><span class='ocrx_word' id='word_1_144' title='bbox 111 2865 259 2926; x_wconf 71' lang='lat' dir='ltr'><strong>Clastidio</strong></span> <span class='ocrx_word' id='word_1_145' title='bbox 268 2867 369 2950; x_wconf 83' lang='lat' dir='ltr'><strong>prius,</strong></span> <span class='ocrx_word' id='word_1_146' title='bbox 382 2865 484 2924; x_wconf 77' lang='lat' dir='ltr'><strong>deinde</strong></span> <span class='ocrx_word' id='word_1_147' title='bbox 491 2865 646 2946; x_wconf 77' lang='lat' dir='ltr'><strong>Syracusis</strong></span> <span class='ocrx_word' id='word_1_148' title='bbox 654 2868 736 2952; x_wconf 84' lang='lat' dir='ltr'><strong>poti·</strong></span> 
     </span>
     <span class='ocr_line' id='line_1_21' title="bbox 110 2967 737 3056; baseline 0.006 -30"><span class='ocrx_word' id='word_1_149' title='bbox 110 2987 175 3039; x_wconf 83' lang='lat' dir='ltr'><strong>rus,</strong></span> <span class='ocrx_word' id='word_1_150' title='bbox 192 2974 368 3056; x_wconf 78' lang='lat' dir='ltr'><strong>nuncupatis</strong></span> <span class='ocrx_word' id='word_1_151' title='bbox 391 2971 515 3030; x_wconf 74' lang='lat' dir='ltr'><strong>debiturn</strong></span> <span class='ocrx_word' id='word_1_152' title='bbox 539 2967 737 3040; x_wconf 49' lang='lat' dir='ltr'><strong>autemconsc-</strong></span> 
     </span>
     <span class='ocr_line' id='line_1_22' title="bbox 109 3075 736 3160; baseline -0.002 -25"><span class='ocrx_word' id='word_1_153' title='bbox 109 3098 197 3135; x_wconf 86' lang='lat' dir='ltr'><strong>crnre</strong></span> <span class='ocrx_word' id='word_1_154' title='bbox 208 3077 305 3146; x_wconf 82' lang='lat' dir='ltr'><strong>vellet,</strong></span> <span class='ocrx_word' id='word_1_155' title='bbox 325 3099 344 3136; x_wconf 84' lang='lat' dir='ltr'><strong>a</strong></span> <span class='ocrx_word' id='word_1_156' title='bbox 360 3077 480 3157; x_wconf 77' lang='lat' dir='ltr'><strong>collegio</strong></span> <span class='ocrx_word' id='word_1_157' title='bbox 500 3075 670 3160; x_wconf 80' lang='lat' dir='ltr'><strong>pontificum</strong></span> <span class='ocrx_word' id='word_1_158' title='bbox 684 3077 736 3134; x_wconf 86' lang='lat' dir='ltr'><strong>im·</strong></span> 
     </span>
     <span class='ocr_line' id='line_1_23' title="bbox 105 3181 736 3268; baseline 0 -28"><span class='ocrx_word' id='word_1_159' title='bbox 105 3182 297 3268; x_wconf 70' lang='lat' dir='ltr'><strong>peritiorem,</strong></span> <span class='ocrx_word' id='word_1_160' title='bbox 315 3198 453 3262; x_wconf 76' lang='lat' dir='ltr'><strong>negante,</strong></span> <span class='ocrx_word' id='word_1_161' title='bbox 470 3204 555 3241; x_wconf 87' lang='lat' dir='ltr'><strong>unorn</strong></span> <span class='ocrx_word' id='word_1_162' title='bbox 570 3181 669 3240; x_wconf 84' lang='lat' dir='ltr'><strong>cellam</strong></span> <span class='ocrx_word' id='word_1_163' title='bbox 683 3181 736 3240; x_wconf 81' lang='lat' dir='ltr'><strong>du·</strong></span> 
     </span>
     <span class='ocr_line' id='line_1_24' title="bbox 109 3281 536 3364; baseline 0.005 -20"><span class='ocrx_word' id='word_1_164' title='bbox 109 3286 182 3345; x_wconf 81' lang='lat' dir='ltr'><strong>obus</strong></span> <span class='ocrx_word' id='word_1_165' title='bbox 202 3285 258 3346; x_wconf 83' lang='lat' dir='ltr'><strong>dr&#39;t&#39;s</strong></span> <span class='ocrx_word' id='word_1_166' title='bbox 274 3301 348 3346; x_wconf 88' lang='lat' dir='ltr'><strong>recte</strong></span> <span class='ocrx_word' id='word_1_167' title='bbox 362 3285 464 3346; x_wconf 83' lang='lat' dir='ltr'><strong>dr&#39;cart&#39;.</strong></span> <span class='ocrx_word' id='word_1_168' title='bbox 486 3281 536 3364; x_wconf 85' lang='lat' dir='ltr'><strong>(S)</strong></span> 
     </span>
    </p>

    <p class='ocr_par' dir='ltr' id='par_1_4' title="bbox 108 3389 737 3778">
     <span class='ocr_line' id='line_1_25' title="bbox 159 3389 737 3478; baseline 0.005 -28"><span class='ocrx_word' id='word_1_169' title='bbox 159 3395 168 3427; x_wconf 87' lang='lat'><strong>¹</strong></span> <span class='ocrx_word' id='word_1_170' title='bbox 181 3393 293 3452; x_wconf 85' lang='lat' dir='ltr'><strong>Parum</strong></span> <span class='ocrx_word' id='word_1_171' title='bbox 310 3389 524 3476; x_wconf 79' lang='lat' dir='ltr'><strong>respondentem</strong></span> <span class='ocrx_word' id='word_1_172' title='bbox 542 3397 660 3478; x_wconf 82' lang='lat' dir='ltr'><strong>corpori</strong></span> <span class='ocrx_word' id='word_1_173' title='bbox 673 3396 737 3454; x_wconf 85' lang='lat' dir='ltr'><strong>anr&#39;·</strong></span> 
     </span>
     <span class='ocr_line' id='line_1_26' title="bbox 109 3493 736 3580; baseline 0.005 -24"><span class='ocrx_word' id='word_1_174' title='bbox 109 3493 202 3571; x_wconf 73' lang='lat' dir='ltr'><strong>aarum]</strong></span> <span class='ocrx_word' id='word_1_175' title='bbox 224 3493 361 3577; x_wconf 82' lang='lat' dir='ltr'><strong>Respicit</strong></span> <span class='ocrx_word' id='word_1_176' title='bbox 389 3494 467 3556; x_wconf 85' lang='lat' dir='ltr'><strong>Saxo</strong></span> <span class='ocrx_word' id='word_1_177' title='bbox 500 3495 538 3556; x_wconf 89' lang='lat' dir='ltr'><strong>ad</strong></span> <span class='ocrx_word' id='word_1_178' title='bbox 566 3515 736 3580; x_wconf 85' lang='lat' dir='ltr'><strong>cognomen</strong></span> 
     </span>
     <span class='ocr_line' id='line_1_27' title="bbox 109 3597 737 3683; baseline 0.011 -24"><span class='ocrx_word' id='word_1_179' title='bbox 109 3603 209 3683; x_wconf 71' lang='lat' dir='ltr'><strong>Logia</strong></span> <span class='ocrx_word' id='word_1_180' title='bbox 224 3597 271 3678; x_wconf 90' lang='lat' dir='ltr'><strong>(in</strong></span> <span class='ocrx_word' id='word_1_181' title='bbox 285 3601 384 3682; x_wconf 74' lang='lat' dir='ltr'><strong>lingva</strong></span> <span class='ocrx_word' id='word_1_182' title='bbox 398 3601 568 3664; x_wconf 83' lang='lat' dir='ltr'><strong>recentiore</strong></span> <span class='ocrx_word' id='word_1_183' title='bbox 579 3604 662 3678; x_wconf 69' lang='lat' dir='ltr'><strong>Lot),</strong></span> <span class='ocrx_word' id='word_1_184' title='bbox 679 3604 697 3665; x_wconf 94' lang='lat' dir='ltr'><strong>i.</strong></span> <span class='ocrx_word' id='word_1_185' title='bbox 711 3623 737 3666; x_wconf 91' lang='lat' dir='ltr'><strong>e.</strong></span> 
     </span>
     <span class='ocr_line' id='line_1_28' title="bbox 108 3704 528 3778; baseline -0.005 -10"><span class='ocrx_word' id='word_1_186' title='bbox 108 3711 205 3778; x_wconf 79' lang='lat' dir='ltr'><strong>deses,</strong></span> <span class='ocrx_word' id='word_1_187' title='bbox 217 3704 365 3768; x_wconf 87' lang='lat' dir='ltr'><strong>Gormoai</strong></span> <span class='ocrx_word' id='word_1_188' title='bbox 373 3704 528 3766; x_wconf 85' lang='lat' dir='ltr'><strong>tributam</strong></span> 
     </span>
    </p>

    <p class='ocr_par' dir='ltr' id='par_1_5' title="bbox 156 3807 735 3894">
     <span class='ocr_line' id='line_1_29' title="bbox 156 3807 735 3894; baseline -0.002 -19"><span class='ocrx_word' id='word_1_189' title='bbox 156 3817 211 3874; x_wconf 76' lang='lat' dir='ltr'><strong>’A</strong></span> <span class='ocrx_word' id='word_1_190' title='bbox 221 3807 391 3894; x_wconf 75' lang='lat' dir='ltr'><strong>majoribus]</strong></span> <span class='ocrx_word' id='word_1_191' title='bbox 407 3811 539 3892; x_wconf 84' lang='lat' dir='ltr'><strong>Majores</strong></span> <span class='ocrx_word' id='word_1_192' title='bbox 553 3811 603 3874; x_wconf 89' lang='lat' dir='ltr'><strong>hic</strong></span> <span class='ocrx_word' id='word_1_193' title='bbox 623 3813 735 3875; x_wconf 85' lang='lat' dir='ltr'><strong>intelll-</strong></span> 
     </span>
    </p>
   </div>
   <div class='ocr_carea' id='block_1_4' title="bbox 796 2753 1422 3898">
    <p class='ocr_par' dir='ltr' id='par_1_6' title="bbox 796 2753 1422 3898">
     <span class='ocr_line' id='line_1_30' title="bbox 796 2753 1422 2841; baseline -0.01 -19"><span class='ocrx_word' id='word_1_194' title='bbox 796 2761 837 2838; x_wconf 68' lang='lat' dir='ltr'><strong>pe</strong></span> <span class='ocrx_word' id='word_1_195' title='bbox 857 2754 941 2818; x_wconf 81' lang='lat' dir='ltr'><strong>illam</strong></span> <span class='ocrx_word' id='word_1_196' title='bbox 961 2753 1101 2816; x_wconf 80' lang='lat' dir='ltr'><strong>amiserat</strong></span> <span class='ocrx_word' id='word_1_197' title='bbox 1131 2755 1246 2816; x_wconf 86' lang='lat' dir='ltr'><strong>Gormo</strong></span> <span class='ocrx_word' id='word_1_198' title='bbox 1266 2755 1422 2841; x_wconf 71' lang='lat' dir='ltr'><strong>Anglicua,</strong></span> 
     </span>
     <span class='ocr_line' id='line_1_31' title="bbox 796 2859 1421 2946; baseline -0.008 -21"><span class='ocrx_word' id='word_1_199' title='bbox 796 2873 832 2926; x_wconf 88' lang='lat' dir='ltr'><strong>ut</strong></span> <span class='ocrx_word' id='word_1_200' title='bbox 846 2861 938 2946; x_wconf 89' lang='lat' dir='ltr'><strong>paulo</strong></span> <span class='ocrx_word' id='word_1_201' title='bbox 955 2872 1025 2922; x_wconf 85' lang='lat' dir='ltr'><strong>autc</strong></span> <span class='ocrx_word' id='word_1_202' title='bbox 1047 2861 1124 2922; x_wconf 83' lang='lat' dir='ltr'><strong>Saxo</strong></span> <span class='ocrx_word' id='word_1_203' title='bbox 1151 2859 1314 2938; x_wconf 85' lang='lat' dir='ltr'><strong>indicavit;</strong></span> <span class='ocrx_word' id='word_1_204' title='bbox 1343 2859 1421 2922; x_wconf 84' lang='lat' dir='ltr'><strong>hanc</strong></span> 
     </span>
     <span class='ocr_line' id='line_1_32' title="bbox 798 2964 1422 3050; baseline -0.003 -21"><span class='ocrx_word' id='word_1_205' title='bbox 798 2985 870 3030; x_wconf 82' lang='lat' dir='ltr'><strong>reru</strong></span> <span class='ocrx_word' id='word_1_206' title='bbox 887 2978 920 3028; x_wconf 89' lang='lat' dir='ltr'><strong>ut</strong></span> <span class='ocrx_word' id='word_1_207' title='bbox 933 2977 1137 3048; x_wconf 87' lang='lat' dir='ltr'><strong>recuperaret,</strong></span> <span class='ocrx_word' id='word_1_208' title='bbox 1159 2987 1228 3050; x_wconf 84' lang='lat' dir='ltr'><strong>quae</strong></span> <span class='ocrx_word' id='word_1_209' title='bbox 1245 2987 1308 3028; x_wconf 72' lang='lat' dir='ltr'><strong>sum</strong></span> <span class='ocrx_word' id='word_1_210' title='bbox 1323 2964 1422 3030; x_wconf 86' lang='lat' dir='ltr'><strong>adhuc</strong></span> 
     </span>
     <span class='ocr_line' id='line_1_33' title="bbox 799 3069 1421 3148; baseline -0.005 -13"><span class='ocrx_word' id='word_1_211' title='bbox 799 3085 865 3136; x_wconf 87' lang='lat' dir='ltr'><strong>erat</strong></span> <span class='ocrx_word' id='word_1_212' title='bbox 881 3071 1013 3148; x_wconf 86' lang='lat' dir='ltr'><strong>ditionis,</strong></span> <span class='ocrx_word' id='word_1_213' title='bbox 1033 3093 1096 3133; x_wconf 88' lang='lat' dir='ltr'><strong>nou</strong></span> <span class='ocrx_word' id='word_1_214' title='bbox 1111 3069 1273 3134; x_wconf 80' lang='lat' dir='ltr'><strong>admodum</strong></span> <span class='ocrx_word' id='word_1_215' title='bbox 1287 3083 1353 3134; x_wconf 86' lang='lat' dir='ltr'><strong>erat</strong></span> <span class='ocrx_word' id='word_1_216' title='bbox 1370 3091 1421 3132; x_wconf 87' lang='lat' dir='ltr'><strong>ne·</strong></span> 
     </span>
     <span class='ocr_line' id='line_1_34' title="bbox 798 3177 1421 3264; baseline -0.005 -23"><span class='ocrx_word' id='word_1_217' title='bbox 798 3178 967 3242; x_wconf 85' lang='lat' dir='ltr'><strong>cessarium.</strong></span> <span class='ocrx_word' id='word_1_218' title='bbox 995 3177 1046 3258; x_wconf 87' lang='lat' dir='ltr'><strong>(S)</strong></span> <span class='ocrx_word' id='word_1_219' title='bbox 1067 3178 1173 3239; x_wconf 87' lang='lat' dir='ltr'><strong>Lectio</strong></span> <span class='ocrx_word' id='word_1_220' title='bbox 1194 3189 1331 3264; x_wconf 86' lang='lat' dir='ltr'><strong>recepta,</strong></span> <span class='ocrx_word' id='word_1_221' title='bbox 1353 3197 1421 3264; x_wconf 76' lang='lat' dir='ltr'><strong>quan</strong></span> 
     </span>
     <span class='ocr_line' id='line_1_35' title="bbox 797 3281 1421 3362; baseline 0 -18"><span class='ocrx_word' id='word_1_222' title='bbox 797 3283 913 3347; x_wconf 85' lang='lat' dir='ltr'><strong>bonum</strong></span> <span class='ocrx_word' id='word_1_223' title='bbox 927 3305 1046 3347; x_wconf 85' lang='lat' dir='ltr'><strong>sensum</strong></span> <span class='ocrx_word' id='word_1_224' title='bbox 1062 3281 1173 3362; x_wconf 82' lang='lat' dir='ltr'><strong>fundit,</strong></span> <span class='ocrx_word' id='word_1_225' title='bbox 1193 3284 1242 3348; x_wconf 87' lang='lat' dir='ltr'><strong>rix</strong></span> <span class='ocrx_word' id='word_1_226' title='bbox 1255 3283 1421 3346; x_wconf 89' lang='lat' dir='ltr'><strong>sollicitan-</strong></span> 
     </span>
     <span class='ocr_line' id='line_1_36' title="bbox 797 3388 1422 3473; baseline 0.003 -23"><span class='ocrx_word' id='word_1_227' title='bbox 797 3389 835 3452; x_wconf 90' lang='lat' dir='ltr'><strong>da</strong></span> <span class='ocrx_word' id='word_1_228' title='bbox 855 3403 908 3452; x_wconf 85' lang='lat' dir='ltr'><strong>cst.</strong></span> <span class='ocrx_word' id='word_1_229' title='bbox 951 3388 1075 3473; x_wconf 88' lang='lat' dir='ltr'><strong>Duplici</strong></span> <span class='ocrx_word' id='word_1_230' title='bbox 1088 3409 1176 3451; x_wconf 88' lang='lat' dir='ltr'><strong>sensu</strong></span> <span class='ocrx_word' id='word_1_231' title='bbox 1197 3393 1275 3456; x_wconf 84' lang='lat' dir='ltr'><strong>Saxo</strong></span> <span class='ocrx_word' id='word_1_232' title='bbox 1289 3409 1422 3452; x_wconf 80' lang='lat' dir='ltr'><strong>asserere</strong></span> 
     </span>
     <span class='ocr_line' id='line_1_37' title="bbox 797 3495 1421 3582; baseline 0 -24"><span class='ocrx_word' id='word_1_233' title='bbox 797 3498 902 3582; x_wconf 87' lang='lat' dir='ltr'><strong>potuit</strong></span> <span class='ocrx_word' id='word_1_234' title='bbox 918 3495 955 3558; x_wconf 90' lang='lat' dir='ltr'><strong>de</strong></span> <span class='ocrx_word' id='word_1_235' title='bbox 976 3495 1092 3578; x_wconf 82' lang='lat' dir='ltr'><strong>Thyra,</strong></span> <span class='ocrx_word' id='word_1_236' title='bbox 1117 3517 1182 3562; x_wconf 85' lang='lat' dir='ltr'><strong>eam</strong></span> <span class='ocrx_word' id='word_1_237' title='bbox 1202 3495 1281 3560; x_wconf 87' lang='lat' dir='ltr'><strong>dctis</strong></span> <span class='ocrx_word' id='word_1_238' title='bbox 1300 3499 1421 3558; x_wconf 88' lang='lat' dir='ltr'><strong>nominc</strong></span> 
     </span>
     <span class='ocr_line' id='line_1_38' title="bbox 797 3600 1420 3687; baseline 0 -25"><span class='ocrx_word' id='word_1_239' title='bbox 797 3602 927 3662; x_wconf 84' lang='lat' dir='ltr'><strong>Daciam</strong></span> <span class='ocrx_word' id='word_1_240' title='bbox 950 3601 1117 3687; x_wconf 86' lang='lat' dir='ltr'><strong>recepisse,</strong></span> <span class='ocrx_word' id='word_1_241' title='bbox 1141 3603 1189 3664; x_wconf 87' lang='lat' dir='ltr'><strong>vel</strong></span> <span class='ocrx_word' id='word_1_242' title='bbox 1213 3603 1253 3666; x_wconf 86' lang='lat' dir='ltr'><strong>ita</strong></span> <span class='ocrx_word' id='word_1_243' title='bbox 1281 3615 1315 3664; x_wconf 90' lang='lat' dir='ltr'><strong>nt</strong></span> <span class='ocrx_word' id='word_1_244' title='bbox 1339 3600 1420 3670; x_wconf 71' lang='lat' dir='ltr'><strong>diue-</strong></span> 
     </span>
     <span class='ocr_line' id='line_1_39' title="bbox 796 3706 1420 3794; baseline -0.003 -24"><span class='ocrx_word' id='word_1_245' title='bbox 796 3707 847 3786; x_wconf 87' lang='lat' dir='ltr'><strong>rit,</strong></span> <span class='ocrx_word' id='word_1_246' title='bbox 867 3709 1000 3791; x_wconf 79' lang='lat' dir='ltr'><strong>Thyrum</strong></span> <span class='ocrx_word' id='word_1_247' title='bbox 1017 3706 1165 3772; x_wconf 83' lang='lat' dir='ltr'><strong>Gormoui</strong></span> <span class='ocrx_word' id='word_1_248' title='bbox 1189 3721 1352 3794; x_wconf 89' lang='lat' dir='ltr'><strong>nupturam</strong></span> <span class='ocrx_word' id='word_1_249' title='bbox 1374 3729 1420 3768; x_wconf 88' lang='lat' dir='ltr'><strong>rc-</strong></span> 
     </span>
     <span class='ocr_line' id='line_1_40' title="bbox 797 3811 1419 3898; baseline 0 -24"><span class='ocrx_word' id='word_1_250' title='bbox 797 3813 850 3896; x_wconf 82' lang='lat' dir='ltr'><strong>gni</strong></span> <span class='ocrx_word' id='word_1_251' title='bbox 881 3813 1070 3876; x_wconf 86' lang='lat' dir='ltr'><strong>consortium</strong></span> <span class='ocrx_word' id='word_1_252' title='bbox 1097 3815 1281 3898; x_wconf 86' lang='lat' dir='ltr'><strong>postulasse,</strong></span> <span class='ocrx_word' id='word_1_253' title='bbox 1310 3814 1358 3878; x_wconf 86' lang='lat' dir='ltr'><strong>rel</strong></span> <span class='ocrx_word' id='word_1_254' title='bbox 1379 3811 1419 3874; x_wconf 88' lang='lat' dir='ltr'><strong>ita</strong></span> 
     </span>
    </p>
   </div>
   <div class='ocr_carea' id='block_1_5' title="bbox 106 3915 1421 4958">
    <p class='ocr_par' dir='ltr' id='par_1_7' title="bbox 107 3915 1421 4218">
     <span class='ocr_line' id='line_1_41' title="bbox 107 3915 1421 4004; baseline -0.001 -25"><span class='ocrx_word' id='word_1_255' title='bbox 107 3915 202 4001; x_wconf 78' lang='lat' dir='ltr'><strong>gandi</strong></span> <span class='ocrx_word' id='word_1_256' title='bbox 222 3929 292 3978; x_wconf 89' lang='lat' dir='ltr'><strong>sunt</strong></span> <span class='ocrx_word' id='word_1_257' title='bbox 316 3935 459 4000; x_wconf 84' lang='lat' dir='ltr'><strong>proceres</strong></span> <span class='ocrx_word' id='word_1_258' title='bbox 483 3915 589 4000; x_wconf 82' lang='lat' dir='ltr'><strong>regni,</strong></span> <span class='ocrx_word' id='word_1_259' title='bbox 616 3927 736 3981; x_wconf 85' lang='lat' dir='ltr'><strong>aenato-</strong></span> <span class='ocrx_word' id='word_1_260' title='bbox 794 3930 828 3982; x_wconf 88' lang='lat' dir='ltr'><strong>ut</strong></span> <span class='ocrx_word' id='word_1_261' title='bbox 845 3919 994 4002; x_wconf 83' lang='lat' dir='ltr'><strong>statuerit,</strong></span> <span class='ocrx_word' id='word_1_262' title='bbox 1009 3921 1112 3986; x_wconf 73' lang='lat' dir='ltr'><strong>eaden</strong></span> <span class='ocrx_word' id='word_1_263' title='bbox 1136 3923 1172 3990; x_wconf 85' lang='lat' dir='ltr'><strong>de</strong></span> <span class='ocrx_word' id='word_1_264' title='bbox 1188 3921 1287 4004; x_wconf 79' lang='lat' dir='ltr'><strong>&#39;l&#39;lryra</strong></span> <span class='ocrx_word' id='word_1_265' title='bbox 1305 3919 1421 3982; x_wconf 79' lang='lat' dir='ltr'><strong>narrari</strong></span> 
     </span>
     <span class='ocr_line' id='line_1_42' title="bbox 107 4021 1420 4114; baseline -0.001 -28"><span class='ocrx_word' id='word_1_266' title='bbox 107 4043 169 4100; x_wconf 88' lang='lat' dir='ltr'><strong>res,</strong></span> <span class='ocrx_word' id='word_1_267' title='bbox 189 4043 265 4110; x_wconf 87' lang='lat' dir='ltr'><strong>quos</strong></span> <span class='ocrx_word' id='word_1_268' title='bbox 279 4021 433 4084; x_wconf 88' lang='lat' dir='ltr'><strong>interdum</strong></span> <span class='ocrx_word' id='word_1_269' title='bbox 449 4025 581 4086; x_wconf 85' lang='lat' dir='ltr'><strong>Sem&#39;ores</strong></span> <span class='ocrx_word' id='word_1_270' title='bbox 598 4023 735 4088; x_wconf 88' lang='lat' dir='ltr'><strong>nominat</strong></span> <span class='ocrx_word' id='word_1_271' title='bbox 795 4044 831 4086; x_wconf 89' lang='lat' dir='ltr'><strong>ac</strong></span> <span class='ocrx_word' id='word_1_272' title='bbox 845 4024 882 4087; x_wconf 90' lang='lat' dir='ltr'><strong>de</strong></span> <span class='ocrx_word' id='word_1_273' title='bbox 899 4027 999 4109; x_wconf 86' lang='lat' dir='ltr'><strong>Gyda,</strong></span> <span class='ocrx_word' id='word_1_274' title='bbox 1028 4051 1119 4114; x_wconf 86' lang='lat' dir='ltr'><strong>quam</strong></span> <span class='ocrx_word' id='word_1_275' title='bbox 1141 4028 1246 4094; x_wconf 87' lang='lat' dir='ltr'><strong>ambiit</strong></span> <span class='ocrx_word' id='word_1_276' title='bbox 1269 4022 1420 4093; x_wconf 86' lang='lat' dir='ltr'><strong>Haraldus</strong></span> 
     </span>
     <span class='ocr_line' id='line_1_43' title="bbox 107 4126 1419 4218; baseline -0.002 -26"><span class='ocrx_word' id='word_1_277' title='bbox 107 4131 197 4192; x_wconf 82' lang='lat' dir='ltr'><strong>Saxo.</strong></span> <span class='ocrx_word' id='word_1_278' title='bbox 222 4126 273 4206; x_wconf 86' lang='lat' dir='ltr'><strong>(S)</strong></span> <span class='ocrx_word' id='word_1_279' title='bbox 793 4131 1023 4198; x_wconf 82' lang='lat' dir='ltr'><strong>Pulchricomus</strong></span> <span class='ocrx_word' id='word_1_280' title='bbox 1058 4135 1151 4216; x_wconf 87' lang='lat' dir='ltr'><strong>(Hist.</strong></span> <span class='ocrx_word' id='word_1_281' title='bbox 1186 4154 1249 4218; x_wconf 81' lang='lat' dir='ltr'><strong>reg.</strong></span> <span class='ocrx_word' id='word_1_282' title='bbox 1288 4133 1419 4210; x_wconf 77' lang='lat' dir='ltr'><strong>Norveg.</strong></span> 
     </span>
    </p>

    <p class='ocr_par' dir='ltr' id='par_1_8' title="bbox 107 4231 1420 4616">
     <span class='ocr_line' id='line_1_44' title="bbox 155 4231 1419 4323; baseline -0.002 -27"><span class='ocrx_word' id='word_1_283' title='bbox 155 4231 288 4315; x_wconf 87' lang='lat' dir='ltr'><strong>³Proco]</strong></span> <span class='ocrx_word' id='word_1_284' title='bbox 311 4236 356 4296; x_wconf 88' lang='lat' dir='ltr'><strong>lta</strong></span> <span class='ocrx_word' id='word_1_285' title='bbox 381 4233 561 4322; x_wconf 76' lang='lat' dir='ltr'><strong>stephanius</strong></span> <span class='ocrx_word' id='word_1_286' title='bbox 582 4233 732 4297; x_wconf 85' lang='lat' dir='ltr'><strong>lenissima</strong></span> <span class='ocrx_word' id='word_1_287' title='bbox 795 4239 854 4298; x_wconf 87' lang='lat' dir='ltr'><strong>rol.</strong></span> <span class='ocrx_word' id='word_1_288' title='bbox 875 4241 888 4298; x_wconf 96' lang='lat' dir='ltr'><strong>l</strong></span> <span class='ocrx_word' id='word_1_289' title='bbox 907 4260 937 4322; x_wconf 86' lang='lat' dir='ltr'><strong>p.</strong></span> <span class='ocrx_word' id='word_1_290' title='bbox 962 4235 1342 4323; x_wconf 59' lang='lat' dir='ltr'><strong>transsumuntur</strong></span> <span class='ocrx_word' id='word_1_291' title='bbox 1372 4254 1419 4295; x_wconf 90' lang='lat' dir='ltr'><strong>re·</strong></span> 
     </span>
     <span class='ocr_line' id='line_1_45' title="bbox 108 4337 1420 4428; baseline 0 -28"><span class='ocrx_word' id='word_1_292' title='bbox 108 4341 277 4402; x_wconf 81' lang='lat' dir='ltr'><strong>rnutatioue</strong></span> <span class='ocrx_word' id='word_1_293' title='bbox 298 4337 469 4406; x_wconf 86' lang='lat' dir='ltr'><strong>emendarit</strong></span> <span class='ocrx_word' id='word_1_294' title='bbox 487 4340 649 4402; x_wconf 88' lang='lat' dir='ltr'><strong>lectionem</strong></span> <span class='ocrx_word' id='word_1_295' title='bbox 670 4337 732 4401; x_wconf 89' lang='lat' dir='ltr'><strong>edi·</strong></span> <span class='ocrx_word' id='word_1_296' title='bbox 791 4339 968 4428; x_wconf 73' lang='lat' dir='ltr'><strong>spondiaco,</strong></span> <span class='ocrx_word' id='word_1_297' title='bbox 996 4364 1028 4406; x_wconf 85' lang='lat' dir='ltr'><strong>ae</strong></span> <span class='ocrx_word' id='word_1_298' title='bbox 1049 4345 1076 4407; x_wconf 89' lang='lat' dir='ltr'><strong>ei</strong></span> <span class='ocrx_word' id='word_1_299' title='bbox 1101 4343 1220 4408; x_wconf 88' lang='lat' dir='ltr'><strong>demum</strong></span> <span class='ocrx_word' id='word_1_300' title='bbox 1245 4353 1420 4424; x_wconf 84' lang='lat' dir='ltr'><strong>nupturam,</strong></span> 
     </span>
     <span class='ocr_line' id='line_1_46' title="bbox 108 4445 1397 4537; baseline -0.002 -31"><span class='ocrx_word' id='word_1_301' title='bbox 108 4445 203 4507; x_wconf 86' lang='lat' dir='ltr'><strong>tionis</strong></span> <span class='ocrx_word' id='word_1_302' title='bbox 220 4446 368 4532; x_wconf 85' lang='lat' dir='ltr'><strong>principis</strong></span> <span class='ocrx_word' id='word_1_303' title='bbox 380 4473 440 4534; x_wconf 80' lang='lat' dir='ltr'><strong>pro</strong></span> <span class='ocrx_word' id='word_1_304' title='bbox 459 4472 507 4520; x_wconf 84' lang='lat' dir='ltr'><strong>eo,</strong></span> <span class='ocrx_word' id='word_1_305' title='bbox 529 4465 597 4530; x_wconf 75' lang='lat' dir='ltr'><strong>quae</strong></span> <span class='ocrx_word' id='word_1_306' title='bbox 615 4445 732 4507; x_wconf 90' lang='lat' dir='ltr'><strong>nullum</strong></span> <span class='ocrx_word' id='word_1_307' title='bbox 793 4447 845 4532; x_wconf 86' lang='lat' dir='ltr'><strong>qui</strong></span> <span class='ocrx_word' id='word_1_308' title='bbox 858 4459 987 4514; x_wconf 80' lang='lat' dir='ltr'><strong>ceteros</strong></span> <span class='ocrx_word' id='word_1_309' title='bbox 999 4451 1120 4537; x_wconf 82' lang='lat' dir='ltr'><strong>regulos</strong></span> <span class='ocrx_word' id='word_1_310' title='bbox 1136 4449 1194 4513; x_wconf 84' lang='lat' dir='ltr'><strong>sibi</strong></span> <span class='ocrx_word' id='word_1_311' title='bbox 1212 4447 1397 4530; x_wconf 83' lang='lat' dir='ltr'><strong>subjecisset.</strong></span> 
     </span>
     <span class='ocr_line' id='line_1_47' title="bbox 107 4547 358 4616; baseline 0 -4"><span class='ocrx_word' id='word_1_312' title='bbox 107 4571 229 4615; x_wconf 86' lang='lat' dir='ltr'><strong>sensum</strong></span> <span class='ocrx_word' id='word_1_313' title='bbox 247 4547 358 4616; x_wconf 82' lang='lat' dir='ltr'><strong>suadit.</strong></span> 
     </span>
    </p>

    <p class='ocr_par' dir='ltr' id='par_1_9' title="bbox 106 4639 1418 4958">
     <span class='ocr_line' id='line_1_48' title="bbox 152 4639 1418 4746; baseline 0.005 -28"><span class='ocrx_word' id='word_1_314' title='bbox 152 4660 274 4742; x_wconf 71' lang='lat' dir='ltr'><strong>‘Quom</strong></span> <span class='ocrx_word' id='word_1_315' title='bbox 294 4662 423 4721; x_wconf 84' lang='lat' dir='ltr'><strong>Doniern</strong></span> <span class='ocrx_word' id='word_1_316' title='bbox 444 4661 496 4720; x_wconf 82' lang='lat' dir='ltr'><strong>sub</strong></span> <span class='ocrx_word' id='word_1_317' title='bbox 509 4639 510 4644; x_wconf 18' lang='lat'>¹</span> <span class='ocrx_word' id='word_1_318' title='bbox 523 4661 601 4720; x_wconf 82' lang='lat' dir='ltr'><strong>dotis</strong></span> <span class='ocrx_word' id='word_1_319' title='bbox 620 4661 732 4719; x_wconf 75' lang='lat' dir='ltr'><strong>nomine</strong></span> <span class='ocrx_word' id='word_1_320' title='bbox 838 4657 1044 4742; x_wconf 76' lang='lat' dir='ltr'><strong>‘Colorando]</strong></span> <span class='ocrx_word' id='word_1_321' title='bbox 1061 4663 1105 4724; x_wconf 85' lang='lat' dir='ltr'><strong>lta</strong></span> <span class='ocrx_word' id='word_1_322' title='bbox 1125 4659 1317 4746; x_wconf 74' lang='lat' dir='ltr'><strong>stephanius.</strong></span> <span class='ocrx_word' id='word_1_323' title='bbox 1359 4657 1418 4721; x_wconf 82' lang='lat' dir='ltr'><strong>Ed.</strong></span> 
     </span>
     <span class='ocr_line' id='line_1_49' title="bbox 108 4760 1417 4855; baseline 0.002 -33"><span class='ocrx_word' id='word_1_324' title='bbox 108 4761 275 4848; x_wconf 82' lang='lat' dir='ltr'><strong>recepisset]</strong></span> <span class='ocrx_word' id='word_1_325' title='bbox 302 4762 415 4825; x_wconf 89' lang='lat' dir='ltr'><strong>Procul</strong></span> <span class='ocrx_word' id='word_1_326' title='bbox 450 4761 544 4825; x_wconf 86' lang='lat' dir='ltr'><strong>dubio</strong></span> <span class='ocrx_word' id='word_1_327' title='bbox 570 4760 732 4848; x_wconf 81' lang='lat' dir='ltr'><strong>legendum</strong></span> <span class='ocrx_word' id='word_1_328' title='bbox 793 4785 840 4846; x_wconf 88' lang='lat' dir='ltr'><strong>pr.</strong></span> <span class='ocrx_word' id='word_1_329' title='bbox 864 4761 956 4827; x_wconf 86' lang='lat' dir='ltr'><strong>habet</strong></span> <span class='ocrx_word' id='word_1_330' title='bbox 985 4771 1155 4840; x_wconf 86' lang='lat' dir='ltr'><strong>tolerando,</strong></span> <span class='ocrx_word' id='word_1_331' title='bbox 1193 4763 1274 4855; x_wconf 85' lang='lat' dir='ltr'><strong>quod</strong></span> <span class='ocrx_word' id='word_1_332' title='bbox 1297 4787 1417 4836; x_wconf 85' lang='lat' dir='ltr'><strong>sensum</strong></span> 
     </span>
     <span class='ocr_line' id='line_1_50' title="bbox 106 4866 1159 4958; baseline 0.004 -28"><span class='ocrx_word' id='word_1_333' title='bbox 106 4867 233 4932; x_wconf 71' lang='lat' dir='ltr'><strong>tricoria</strong></span> <span class='ocrx_word' id='word_1_334' title='bbox 249 4872 389 4953; x_wconf 77' lang='lat' dir='ltr'><strong>Anglr&#39;am</strong></span> <span class='ocrx_word' id='word_1_335' title='bbox 403 4890 461 4952; x_wconf 87' lang='lat' dir='ltr'><strong>pro</strong></span> <span class='ocrx_word' id='word_1_336' title='bbox 474 4870 614 4934; x_wconf 60' lang='lat' dir='ltr'><strong>Dantem!</strong></span> <span class='ocrx_word' id='word_1_337' title='bbox 634 4866 729 4958; x_wconf 84' lang='lat' dir='ltr'><strong>Qnip·</strong></span> <span class='ocrx_word' id='word_1_338' title='bbox 793 4867 911 4950; x_wconf 83' lang='lat' dir='ltr'><strong>praebet</strong></span> <span class='ocrx_word' id='word_1_339' title='bbox 926 4870 1159 4936; x_wconf 89' lang='lat' dir='ltr'><strong>incommodum.</strong></span> 
     </span>
    </p>
   </div>
   <div class='ocr_carea' id='block_1_6' title="bbox 0 0 1758 5458">
    <p class='ocr_par' dir='ltr' id='par_1_10' title="bbox 0 0 1758 5458">
     <span class='ocr_line' id='line_1_51' title="bbox 0 0 1758 5458; baseline 0 3"><span class='ocrx_word' id='word_1_340' title='bbox 0 0 1758 5458; x_wconf 95' lang='lat' dir='ltr'><strong> </strong></span> 
     </span>
    </p>
   </div>
  </div>
 </body>
</html>
