3476 5460
389 305 462 388 396,
717 306 1168 382 intromittemus
1183 309 1270 382 Vlll.

469 519 523 590 Eo
541 531 750 616 tempestate
775 516 926 592 Tborisr
942 541 986 594 ac
999 521 1110 608 ilem,
1134 517 1390 615 promptissimi
1410 513 1533 594 rtrum
1548 515 1636 588 urib-

338 655 403 734 tes‚
416 637 519 736 apud
534 638 756 739 Hybemiam
770 641 961 739 piraticum
977 665 1110 714 munos
1132 637 1294 714 &beot
1344 641 1402 732 Hi,
1417 640 1559 738 cognita
1571 637 1638 710 do-

338 765 444 835 mium
475 785 580 854 noce,
626 785 738 859 quam
769 785 810 836 se
837 759 924 835 cbm
960 761 1097 836 rdturos
1128 757 1364 860 jurejurando
1403 763 1641 862 promiserant,

339 881 548 956 Omundum
572 881 677 958 avide
698 883 867 981 petitum¹
893 883 1005 958 duelli
1025 887 1280 982 provocatione
1295 883 1483 960 solicitant
1541 882 1641 976 Quod

338 1006 497 1081 abnuere
527 1005 713 1105 quondam
738 1006 960 1104 probrosum
985 1005 1134 1107 regibus
1164 1004 1377 1082 habebatur.
1481 1009 1641 1081 Veterum

337 1131 433 1202 enirn
448 1127 621 1204 claritudo
635 1130 840 1228 principum
863 1155 907 1202 ex
929 1131 1037 1206 annis
1061 1133 1183 1227 potius
1205 1153 1316 1228 qnam
1334 1127 1468 1228 opibus
1487 1131 1641 1204 muma-

337 1252 453 1326 batur.
495 1249 656 1325 Subeunt
670 1255 775 1351 igitur
782 1253 983 1328 Homothus
1001 1267 1035 1326 et
1042 1251 1169 1342 Tbelo,
1182 1253 1247 1351 qui
1260 1277 1300 1326 se
1314 1269 1571 1350 provocatores
1583 1275 1640 1324 m-

337 1374 392 1472 gis
406 1395 531 1472 pugna
551 1389 760 1472 excepturos
780 1375 954 1450 offerrent.
1005 1376 1146 1471 Quibus
1170 1377 1359 1452 Omundus
1382 1379 1543 1473 impense
1562 1371 1640 1446 lau-

337 1493 446 1586 daos,
480 1495 637 1594 primum
659 1521 785 1568 eorum
810 1521 959 1596 operam
987 1499 1173 1574 admittere
1206 1499 1339 1574 vitandi
1367 1498 1511 1574 mboris
1538 1499 1640 1594 gratia

337 1621 524 1694 recusavit
575 1616 632 1692 Ad
648 1617 810 1692 ultimum
830 1621 965 1694 crebris
979 1645 1129 1696 snorum
1145 1622 1317 1722 precibus
1331 1637 1511 1712 exoratos,
1533 1619 1639 1692 aliena

337 1765 448 1816 manu
462 1741 642 1814 fortunam
664 1744 813 1840 experiri
830 1746 1004 1820 sustinuit
1063 1749 1144 1840 Quo
1157 1749 1347 1820 certamine
1364 1747 1562 1818 Berouem²
1578 1767 1638 1813 cc-

336 1866 522 1954 cubuisse,
545 1859 736 1934 Thorimn³
762 1870 918 1964 graviter
933 1865 1098 1942 affectum
1114 1891 1236 1967 pugna
1256 1873 1448 1942 excessisse
1466 1861 1638 1964 proditum

337 2005 399 2062 est.
452 1989 567 2079 Quem
581 2007 654 2077 rex,
667 1990 785 2082 primo
800 2013 822 2060 e
837 1987 1047 2064 volneribus
1061 2007 1273 2082 recreatum,
1296 2015 1379 2062 mox
1403 1991 1438 2062 iu
1452 1987 1565 2062 iidem
1579 2012 1636 2059 ac-

336 2125 492 2208 ceptum,
517 2105 648 2180 ducem
664 2111 852 2206 Norvogise
868 2125 975 2186 creat.
1027 2112 1166 2186 Deinde
1182 2141 1266 2188 cum
1284 2127 1494 2188 consectum
1509 2138 1529 2184 u
1545 2109 1637 2182 Scla-

337 2239 393 2310 ris
409 2257 476 2331 per
491 2229 630 2329 legatos
646 2229 823 2304 tributum
844 2239 1010 2332 exigeret,
1030 2261 1103 2308 non
1119 2236 1239 2310 solum
1255 2217 1456 2337 legatorum
1474 2232 1637 2321 cedibus,

336 2355 399 2430 sod
414 2363 518 2430 etiam
538 2360 573 2427 vi
597 2352 752 2426 Sclovicn
769 2355 868 2453 apud
894 2358 1025 2430 lutiam
1058 2358 1258 2453 lacessitus,
1290 2374 1426 2457 septem
1449 2381 1552 2458 reges
1573 2381 1635 2430 ouo

263 2538 265 2547 ,
337 2479 530 2556 certamine
551 2481 751 2573 superavit,
777 2477 994 2578 solitumque
1020 2479 1142 2556 tributi
1163 2485 1224 2582 jus
1247 2483 1393 2556 victoria
1413 2479 1635 2555 conlimitavit

467 2601 605 2672 lntereu
622 2597 878 2691 Starcatherus,
894 2598 1032 2700 prolixa
1050 2605 1126 2702 jam
1146 2620 1249 2696 aetate
1266 2603 1447 2694 defessus,
1474 2625 1560 2674 cum
1575 2621 1634 2670 oa-

335 2743 490 2801 stmrum
505 2721 687 2819 stipendiis
712 2747 755 2795 ac
783 2721 994 2822 gladiatorio
1011 2751 1159 2800 munere
1174 2733 1343 2802 emeritus
1366 2724 1572 2813 haberetur,
1596 2745 1635 2792 ne

335 2851 422 2924 senii
440 2846 524 2920 vitiu
540 2845 727 2941 pristinum
745 2845 868 2944 gloriae
886 2831 999 2922 decus
1020 2851 1213 2941 amitteret,
1236 2849 1419 2950 egregium
1434 2847 1514 2920 iore
1532 2859 1633 2942 puta·

335 2973 406 3062 rit,
426 2969 458 3042 ei
481 2966 720 3044 voluntarium
742 2969 809 3042 sibi
837 2971 1073 3044 conscisceret
1101 2974 1234 3046 exitum
1276 2974 1464 3069 letumque
1495 2965 1632 3066 proptio

335 3106 546 3166 maturasset
568 3090 724 3164 arbitrio.
787 3097 924 3192 ltaque,
951 3095 1013 3192 qui
1027 3099 1128 3168 toties
1152 3094 1363 3170 excellentes
1383 3089 1543 3166 ediderat
1564 3111 1631 3184 pu·

336 3238 439 3317 gnus,
463 3217 645 3286 incruenta
672 3231 787 3289 morte
812 3213 959 3316 defungi
977 3215 1132 3316 ignobile
1148 3234 1266 3311 ratos,
1295 3231 1337 3290 ut
1358 3214 1524 3313 specioso
1543 3208 1631 3282 otiu

335 3338 521 3440 preteritae
534 3339 616 3412 vttae
632 3335 825 3412 claritatem
842 3357 999 3438 augeret,
1017 3339 1137 3415 moluit
1151 3341 1200 3414 ab
1216 3346 1371 3440 ingenuo
1385 3337 1513 3435 quovis
1529 3334 1629 3404 inter·

333 3463 414 3550 fici,
438 3483 548 3559 quam
565 3481 684 3532 serum
700 3477 837 3534 naturae
850 3461 1011 3560 jaculum
1033 3469 1202 3562 opperiri.
1260 3462 1361 3536 Adeo
1385 3455 1569 3559 quondam
1585 3452 1630 3524 rei
1708 3467 1709 3496 ¹

334 3584 473 3660 bellicae
487 3578 613 3654 deditis
629 3581 758 3656 morbo
776 3600 948 3682 oppetere
967 3586 1184 3684 probrosum
1201 3589 1430 3661 existimatum
1446 3595 1511 3656 est.
1564 3579 1630 3648 lta-

334 3732 418 3808 que,
442 3729 525 3778 cum
548 3718 583 3775 et
603 3727 756 3801 corpore
775 3705 931 3780 invalido
956 3722 990 3781 et
1004 3707 1151 3784 defectis
1175 3708 1424 3808 perspicuitate
1449 3699 1631 3778 luminibus

334 3843 438 3920 esset,
464 3826 693 3900 diuturnioris
711 3829 791 3900 vitae
810 3853 948 3902 moram
964 3855 1125 3928 perosus,
1144 3830 1285 3906 emendi
1303 3835 1339 3902 in
1362 3853 1400 3902 se
1422 3821 1630 3925 percussoris

333 3945 453 4056 gratia
469 3971 608 4038 aurum,
625 3945 727 4046 quod
743 3972 812 4047 pro
833 3949 956 4024 Olonis
978 3952 1220 4027 interlectione
1236 3966 1433 4040 memerot,
1458 3946 1552 4022 collo
1568 3970 1630 4042 ap-

379 4263 390 4298 ¹
403 4255 566 4321 Omundum
580 4255 664 4316 actile
671 4251 812 4341 pentum]
827 4255 871 4316 lta
892 4257 960 4319 Ste-
984 4210 993 4224 ι
1019 4279 1080 4339 um,
1099 4257 1181 4344 quod
1196 4257 1304 4343 sepius
1317 4255 1469 4332 coenrrit3
1481 4249 1536 4316 sed
1548 4257 1633 4315 Bero
1707 4241 1708 4252 ’

333 4363 463 4450 pharius
476 4372 592 4426 textum
616 4379 671 4422 auo
688 4359 756 4441 jore
777 4359 958 4424 emendarit.
1017 4363 1187 4428 nisncmen
1205 4383 1253 4427 me
1269 4362 1376 4426 inalio
1397 4364 1467 4424 loco
1483 4356 1634 4428 invenisse,
1707 4407 1708 4410 =

332 4471 391 4534 Ed.
411 4491 458 4556 pr.
485 4465 581 4530 hebet
603 4469 778 4550 Ringonem,
796 4464 850 4528 sed
868 4463 959 4530 docet
1018 4469 1100 4533 baud
1122 4469 1253 4534 memini.
1464 4442 1488 4481 η

333 4587 493 4638 contextus
511 4575 781 4656 nomenliingom's
802 4571 959 4638 oscitantis
1064 4575 1239 4655 ’Tlortirnss
1253 4579 1371 4640 Nomen
1390 4573 1560 4648 insolitum,
1585 4565 1632 4630 sed

333 4679 450 4744 librarii
465 4699 523 4766 pro
539 4677 661 4742 nomine
676 4679 808 4741 Omundi
821 4697 885 4741 esse
901 4700 958 4764 po·
1017 4682 1115 4769 prims
1130 4683 1242 4766 syllaba
1262 4701 1280 4744 a
1296 4681 1440 4745 'l'horone
1462 4679 1530 4741 Deo
1546 4673 1631 4737 dedu·
1689 4730 1692 4738 i

333 4785 433 4850 fllium·
1017 4787 1115 4853 ctoiu
1128 4785 1300 4856 nominibus
1318 4783 1490 4851 boreelibor
1510 4793 1554 4846 ut
1573 4777 1627 4841 ire·

382 4890 956 4970 ²licrcuem]lieuaestncmeul'mmine·
1017 4895 1221 4982 quentissims.
