3506 5458
359 313 432 384 536
608 364 613 375 ,
708 313 885 384 ffls'rou
900 311 1006 384 Dm.
1025 312 1163 390 LIBER
1181 311 1226 384 X.

309 521 414 596 miliae
438 523 639 592 convictum
659 481 862 620 plorcpsit,
897 519 1034 622 diuque
1064 521 1262 622 superioris
1286 516 1487 616 dtaetpluae
1512 517 1617 590 ctiam

180 709 186 724 ,
310 641 409 742 opud
423 643 589 742 supparis
603 643 812 717 conditionis
832 649 929 720 vims
943 647 1088 718 imitatio
1105 643 1224 718 valuit.

441 766 795 858 lntereasvenoncm,
811 767 932 842 tutclcc
946 770 1205 868 tuncNovagire
1214 779 1408 855 vacantem,
1422 784 1528 836 cesus
1542 758 1616 832 ab·

310 892 500 989 sumpsit¹‚
531 913 688 986 moxque
705 887 752 962 ad
767 906 902 987 patrem
919 889 1149 988 provincialis
1166 890 1344 962 ministerii
1362 907 1504 960 summa
1522 907 1619 954 con-

311 1013 425 1086 cessit.
474 1015 520 1085 Ut
534 1029 652 1086 autem
669 1015 828 1086 Canutus
845 1035 866 1084 a
881 1010 1072 1103 Richards,
1090 1011 1193 1111 quod
1206 1015 1340 1086 sororis
1353 1013 1408 1082 sui
1427 1003 1619 1104 repudium

311 1138 441 1232 egisset
466 1150 574 1231 atquc
606 1133 778 1208 adversus
793 1159 943 1208 uxorem
960 1138 1119 1210 sever-lus
1136 1161 1244 1236 aequo
1260 1131 1410 1206 maritali
1426 1125 1619 1226 supercilio

312 1281 399 1330 usus
421 1255 553 1350 fuisset,
576 1274 747 1356 tanquam
767 1282 788 1328 a
805 1255 1008 1356 conjugalis
1032 1282 1131 1332 sacra
1155 1253 1411 1332 contumeliose
1440 1265 1620 1337 macmntc,

310 1401 439 1476 poenas
454 1395 665 1476 sumpturus
694 1404 736 1452 ac
760 1381 829 1454 tori
851 1377 998 1478 genialis
1030 1381 1199 1479 iujuriam
1223 1375 1435 1477 repulsurus
1459 1380 1496 1446 in
1520 1376 1618 1444 llor-

312 1503 493 1574 mcnniam
509 1525 638 1600 magne
650 1500 764 1576 classe
777 1501 950 1598 trajecit².
1000 1503 1067 1576 Ubi
1084 1528 1168 1577 cum
1184 1501 1296 1602 paulo
1311 1517 1393 1599 post
1404 1501 1502 1573 triste
1518 1521 1619 1595 qno-

312 1647 384 1721 que
410 1621 609 1696 chnraldi
636 1623 709 1696 lato
724 1625 916 1696 nuncium³
937 1631 1140 1724 accepisset,
1165 1630 1318 1724 propior
1334 1622 1491 1722 publicoe
1504 1643 1619 1718 expc-

314 1744 438 1818 ditioni
453 1767 563 1843 quum
579 1751 720 1843 privato
737 1747 887 1841 affectui,
913 1773 1040 1848 agmen
1058 1747 1196 1837 eodem,
1221 1770 1295 1844 qua
1310 1751 1421 1845 prius,
1446 1742 1621 1818 celeritate

314 1870 505 1966 promovit,
529 1893 647 1966 ncquc
669 1871 789 1942 animo
805 1885 867 1942 aut
890 1870 1018 1962 cilicio,
1042 1895 1120 1970 quo
1147 1873 1266 1946 miuus
1290 1885 1413 1969 coepto
1436 1867 1622 1952 insisteret,

314 1993 494 2064 remissior
511 1991 595 2084 iuit3
622 1989 686 2064 sed
712 2015 829 2091 neque
851 1991 979 2066 oculos
995 1990 1041 2065 ad
1064 1993 1281 2093 singularem
1303 1991 1440 2066 luctum
1458 2015 1481 2062 a
1504 2011 1621 2088 genc-

315 2111 399 2186 rclis
421 2112 553 2186 militiae
578 2115 877 2211 contemplatione
901 2114 1051 2190 deflexit.
1113 2115 1213 2191 Adeo
1237 2142 1360 2190 rerum
1384 2139 1429 2188 ac
1449 2113 1622 2208 temporis

314 2251 444 2310 statum
466 2237 555 2308 inter
579 2235 708 2310 fortem
739 2255 948 2337 patremne
981 2255 1164 2314 sucnuum
1187 2239 1318 2312 ducem
1352 2237 1496 2336 egregio
1517 2232 1623 2306 animi
1747 2325 1748 2344 χ

314 2357 559 2470 moderatione
573 2357 700 2448 divisit,
725 2383 790 2432 nec
806 2363 923 2434 minus
947 2366 983 2434 iu
1010 2361 1196 2438 toleranda
1222 2361 1283 2435 filii
1311 2376 1428 2434 morte
1453 2381 1565 2457 quum
1586 2357 1621 2426 iu
1747 2351 1748 2376 ³

304 2480 474 2555 *hostium
491 2479 692 2579 oppetendo
719 2485 898 2581 perspicui
922 2483 1065 2560 roboris
1083 2483 1331 2584 spectaculum
1348 2480 1514 2582 prebuit.
1538 2483 1620 2551 Cn-

316 2605 375 2702 jus
398 2607 569 2700 impetum
600 2603 819 2696 bichardus,
837 2606 990 2680 Siciliam
1012 2623 1158 2706 petens,
1190 2607 1277 2706 fuga
1300 2627 1521 2706 praecurrcrc
1536 2626 1621 2710 mnf·

316 2731 456 2798 turuvit.

294 2831 308 2860 ι

447 2852 580 2924 lntcrea
599 2850 755 2924 Canutus
770 2851 822 2926 ob
838 2855 957 2952 gravis
981 2850 1114 2928 militiae
1135 2850 1279 2926 labores
1303 2850 1454 2926 adversa
1478 2845 1621 2923 valan·
1746 2939 1747 2942 Ἴ

316 2967 400 3043 dinc
413 2996 571 3068 pressus,
597 2997 679 3044 cum
694 2997 733 3048 se
750 2977 912 3073 corporis
930 2977 1094 3050 firmitate
1120 2974 1298 3050 deiectum
1329 3000 1372 3048 sc
1394 2998 1477 3046 mox
1495 2973 1619 3070 spiritu

315 3096 507 3168 cariturum
528 3094 845 3188 animadverteret,
868 3117 1084 3172 convocatos
1106 3121 1276 3198 pmccres
1307 3123 1381 3170 uon
1419 3097 1485 3168 nisi
1523 3093 1620 3167 bello
1746 3111 1747 3156 l

316 3215 479 3289 consecto
506 3215 635 3291 domos
656 3225 782 3292 reverti
813 3223 926 3318 jussit,
953 3219 1180 3294 hauddubie
1206 3223 1354 3294 victoria
1378 3219 1618 3318 portuensi

318 3338 460 3412 funebri
475 3343 554 3440 ejus
573 3339 666 3412 lecto
684 3339 854 3416 humeros
881 3346 917 3414 in
934 3345 1008 3416 acie
1028 3343 1262 3442 subjecissent
1288 3359 1397 3442 atquc
1427 3343 1517 3412 inter
1541 3345 1619 3438 pri-

317 3486 396 3536 mos
422 3463 658 3560 proeliantium
681 3463 812 3564 globos
842 3463 945 3540 ducis
973 3467 1118 3540 nominc
1154 3489 1288 3562 corpus
1324 3488 1431 3538 suum
1463 3465 1619 3536 exanime

317 3583 563 3680 pertulissent,
586 3585 705 3684 idque,
730 3587 853 3687 fugato
878 3586 1000 3680 hoste,
1035 3613 1110 3686 quo
1134 3587 1263 3660 clarius
1285 3589 1446 3660 cinerum
1470 3611 1617 3662 suorum
1659 3629 1665 3638 -

364 3903 533 3964 ¹Svenonem
552 3947 572 3964 ..
589 3901 943 3990 casusnbsumpstl]Pau-
1047 3909 1112 3968 'Dc
1130 3907 1265 3968 Horaldi
1273 3905 1347 3990 fcto
1363 3903 1510 3982 leoncium]
1528 3906 1614 3967 Saxo-

318 4006 360 4068 cis
391 4006 513 4091 quidem
534 4009 685 4072 mensibus
715 4023 785 4072 onte
813 4023 943 4072 mortem
996 4031 1065 4073 nem
1085 4011 1135 4073 hic
1151 4033 1251 4074 rursus
1270 4010 1381 4074 famam
1400 4013 1551 4096 vulgarem
1571 4030 1615 4072 se·

319 4115 427 4176 Canuti
442 4135 458 4176 c
475 4117 626 4200 Norvcgic
635 4117 738 4202 pulsus
756 4115 816 4179 suit
831 4118 943 4196 sveno,
995 4129 1100 4180 culum
1116 4114 1217 4194 fuisso,
1230 4121 1469 4182 testeturSveno
1485 4119 1612 4202 nggonis

317 4220 371 4284 sed
386 4222 479 4284 serius
499 4223 620 4286 demum
640 4236 775 4286 mortuus
790 4236 845 4286 est.
995 4223 1025 4286 in
1042 4222 1169 4286 historin
1191 4243 1242 4286 sua
1263 4225 1329 4288 haec
1343 4224 1488 4288 scribens:
1503 4229 1610 4286 Interea

364 4333 424 4390 ²112
437 4333 649 4392 Ncrmanuiam
664 4374 688 4390 ..
703 4334 793 4392 classe
811 4328 941 4412 traJ'cct't]
987 4331 1053 4412 filii
1069 4331 1479 4414 Conuenquorumjamsacea
1491 4349 1532 4392 est
1544 4355 1612 4392 nulr-

318 4431 375 4496 Etl.
387 4457 433 4518 pr.
449 4435 556 4500 habet:
578 4461 687 4520 magna
703 4462 733 4498 se
750 4439 840 4498 classe
854 4437 944 4518 troje·
998 4441 1053 4508 tic,
1065 4454 1152 4522 patre
1169 4439 1263 4498 adhuc
1276 4442 1443 4522 superstite,
1459 4461 1609 4524 supremum

319 4545 368 4603 cit.
409 4542 515 4626 steph.
536 4541 603 4626 jure
628 4542 729 4604 omisit
757 4568 796 4604 se.
838 4541 943 4604 Perio-
996 4545 1181 4628 expleturum
1195 4543 1277 4604 dcem.
1318 4545 1365 4603 Ex
1377 4542 1530 4604 annalibus
1545 4561 1608 4602 rom

320 4643 509 4710 ‹lusturbata
528 4661 581 4712 cst.
622 4651 690 4712 lam
710 4668 803 4734 supra
825 4670 856 4731 p.
878 4645 942 4710 514
996 4648 1167 4730 Anglorum
1191 4648 1262 4710 salis
1283 4659 1391 4710 notum
1415 4661 1477 4728 est,
1512 4649 1610 4710 Ilaral-

320 4751 507 4831 monuimus,
521 4752 596 4817 falsu
610 4775 689 4834 csse,
711 4776 779 4840 quae
799 4753 836 4816 dc
858 4753 941 4816 bello
996 4751 1068 4814 dum
1085 4764 1300 4837 postmortem
1321 4753 1431 4816 Canuti
1451 4753 1489 4818 ab
1510 4753 1608 4838 englis

321 4857 620 4921 contrallichartlnm
637 4873 722 4924 moto
737 4845 918 4924 efferuntur.
996 4877 1098 4942 regem
1112 4857 1203 4922 luisse
1217 4859 1355 4922 electum.
