3506 5458
665 321 880 396 CANUTUS.
1302 327 1374 401 513

18 547 23 552 ·
116 531 217 604 lsrie
231 527 385 604 libidinis
401 531 514 604 vertit
572 529 750 602 Continuo
765 535 861 605 enim
887 557 929 605 ex
946 549 1089 631 raptore
1116 551 1254 608 ametor
1278 535 1425 613 effectus

114 653 247 728 lumem
264 651 457 728 concubitu
476 649 594 742 solvit,
618 648 859 752 ardoremque
875 651 970 752 gulae
987 655 1132 728 Veneris
1148 657 1307 732 satietate
1326 681 1424 756 pen-

114 777 217 849 ssvit.
268 778 426 873 Quoque
449 797 529 846 eam
547 771 787 873 indulgentius
809 774 938 869 aleret,
967 775 1104 850 crebris
1126 777 1426 852 incursationibus

115 897 272 972 ricinum
287 898 404 970 acrius
419 896 616 970 incessabat
631 913 842 989 armentum,
866 921 932 972 nec
949 900 1012 972 nisi
1034 897 1245 976 lautioribus
1260 917 1341 974 ante
1354 925 1434 975 ve·-

114 1026 167 1096 sci
191 1019 330 1093 solitum
355 1023 486 1117 sparsis
512 1023 683 1118 sangvine
697 1019 854 1117 dapibus
870 1021 1062 1094 assuefecit
1124 1019 1225 1094 Adeo
1238 1025 1334 1094 enim
1356 1047 1428 1096 cs-

114 1143 224 1242 ptivae
238 1143 377 1241 species
392 1139 571 1216 elimatam
585 1149 738 1241 raptoris
755 1143 925 1216 sevitiam
941 1142 1058 1242 fregit,
1083 1159 1132 1235 ut,
1148 1167 1256 1242 quem
1274 1145 1424 1243 sangvi-

114 1266 169 1338 nis
190 1264 248 1338 sui
269 1261 445 1362 cupidum
464 1264 726 1357 extimescebat,
752 1265 882 1339 amoris
906 1262 1053 1339 avidum
1081 1269 1319 1364 experiretur,
1352 1287 1425 1362 pa-

114 1405 285 1486 stumque
301 1385 410 1459 abeo
424 1387 636 1484 perciperet,
662 1389 721 1462 cui
743 1411 782 1460 se
803 1389 883 1460 lore
898 1392 1060 1486 pmtinus
1084 1386 1259 1462 alimonie
1282 1401 1433 1458 metue--

116 1509 190 1582 bat.
254 1511 336 1602 Quo
353 1531 428 1579 non
443 1521 605 1604 penetrat
629 1524 690 1582 aut
707 1508 796 1607 quid
810 1533 883 1581 non
901 1524 1047 1591 excavat
1061 1509 1203 1584 amor¹l
1229 1509 1334 1606 cujus
1348 1507 1424 1580 du-
1551 1533 1559 1546 ·

115 1648 174 1705 ctu
198 1633 304 1705 etiam
327 1627 428 1729 apud
451 1626 633 1704 efferatam
657 1629 861 1706 belluarum
891 1630 1029 1704 rabiem
1053 1633 1148 1732 gulae
1170 1636 1425 1705 imitamentum

114 1753 270 1827 libidinis
287 1751 438 1850 imperio
451 1750 554 1826 cedit.
603 1752 765 1827 Tandem
783 1754 901 1852 gregis
915 1776 1114 1850 possessor,
1131 1753 1290 1828 exhausti
1308 1775 1424 1852 peco-
1557 1843 1562 1858 ·

114 1881 164 1950 ris
179 1877 302 1973 inopia
317 1888 546 1973 provocatus,
564 1875 814 1950 observatione
829 1873 999 1967 adhibita,
1017 1877 1295 1950 circumventam
1321 1882 1423 1950 cani-

114 1998 186 2072 bus
201 1996 359 2070 belluam
377 2019 487 2070 cursu
501 2021 544 2068 ac
555 1995 712 2072 clamore
731 1995 977 2072 vehementius
996 2021 1123 2096 urgere
1139 2001 1297 2095 perstitit,
1312 1997 1422 2098 luge·-

116 2143 269 2218 cemqua
291 2135 445 2194 aemam
470 2142 515 2195 eo
532 2117 631 2194 torte.
645 2119 735 2212 loci,
769 2143 844 2218 quo
868 2115 988 2216 puella
1008 2119 1238 2213 servabatur,
1269 2123 1425 2196 acoessit.

115 2241 299 2342 Siquidem
312 2241 529 2316 domicilium
544 2243 626 2341 ejus
641 2243 743 2316 inviis
771 2239 971 2340 paludibus
990 2239 1152 2315 clausum
1176 2241 1346 2340 perplexa
1359 2267 1425 2316 ra-

115 2389 257 2438 morum
271 2369 381 2440 series
397 2364 583 2448 continenti
601 2361 786 2437 frondium
809 2361 1025 2436 umbraculo
1046 2377 1187 2436 texerat.
1246 2364 1318 2438 Ubi
1340 2391 1424 2438 mox

115 2489 192 2561 lero
207 2511 230 2559 a
243 2488 392 2560 retiariis
408 2488 650 2560 circumventa
668 2511 710 2559 ac
725 2483 912 2560 venabulis
929 2499 1101 2582 occupata
1119 2483 1332 2558 confoditur.
1380 2491 1426 2560 Ut

114 2634 202 2709 ergo
215 2608 369 2709 duplicis
388 2613 546 2682 materiae
561 2607 719 2708 benigna
738 2608 860 2682 artifex
875 2623 1000 2681 natura
1022 2611 1229 2704 nuptiarum
1246 2607 1424 2683 determi-

116 2747 224 2806 utem
239 2735 381 2806 mininis
395 2730 590 2830 aptitudine
606 2732 798 2826 coloraret,
824 2730 1059 2832 generationis
1074 2746 1272 2804 monstrum
1296 2737 1425 2808 usitato

116 2869 223 2952 partu
233 2853 344 2934 edidit
369 2852 651 2954 sylvestremque
667 2861 875 2955 sangvinem
890 2853 1036 2928 humani
1052 2854 1211 2952 corporis
1223 2853 1425 2928 lineamen-

116 2982 162 3050 tis
177 2978 323 3076 excepit.
374 2979 465 3048 Neto
480 2981 600 3075 itnque
631 2976 707 3051 filio
722 2993 910 3078 paternum
929 3001 951 3050 a
976 2977 1181 3050 necessariis
1197 2999 1326 3050 nomen
1349 2979 1433 3052 im·-

116 3099 271 3198 ponitur.
322 3101 391 3193 Qui
408 3097 565 3193 tandem,
578 3103 696 3198 agnita
711 3123 786 3174 suae
801 3105 945 3174 veritate
960 3099 1179 3199 propaginis,
1196 3123 1218 3170 a
1236 3098 1343 3196 patris
1361 3099 1426 3172 in-

117 3219 367 3295 terlectoribus
391 3219 529 3296 funesta
549 3221 725 3320 supplicia
747 3223 872 3322 exegit.
946 3223 1062 3321 Cujus
1086 3219 1181 3296 filius
1206 3219 1425 3322 Tbrugillus,

116 3343 328 3444 cognomine
341 3343 571 3444 Sprageleg2,
596 3343 696 3418 nullo
713 3345 898 3444 probitatis
914 3346 1062 3446 vestigio
1084 3359 1274 3442 apaternae
1288 3345 1425 3418 virtutis

118 3467 309 3564 imitatione
328 3464 466 3542 deiecit
534 3471 565 3540 A
581 3493 656 3568 quo
670 3467 763 3543 Ulvo
779 3468 918 3567 genitus
942 3467 1116 3568 originem
1137 3470 1277 3566 ingenio
1297 3461 1424 3538 decla-

118 3590 223 3680 ravit,
245 3590 382 3664 avitum
399 3592 519 3664 animo
534 3592 743 3689 sanguinem
757 3604 1025 3690 repraesentans·

250 3713 427 3786 Ceterum
457 3729 495 3786 ut
518 3711 568 3786 ud
589 3710 847 3804 diverticulum,
873 3735 949 3812 quo
970 3715 1119 3803 excessi,
1148 3708 1301 3801 redeam,
1334 3709 1425 3784 Ola-

119 3856 206 3908 vum
221 3857 305 3908 cum
320 3833 499 3910 Haraldo³
530 3835 636 3912 botre
660 3837 770 3910 Danis
803 3835 967 3910 atrociter
994 3836 1230 3908 imminentem
1254 3835 1426 3922 Canutus,

167 4145 177 4176 ¹
200 4142 334 4206 &cavat
358 4137 456 4224 amor]
474 4147 609 4204 Eacuoat
630 4138 747 4205 durius·
806 4147 944 4229 Quonou
954 4159 1093 4230 penetrat
1110 4157 1164 4204 cut
1182 4141 1255 4222 quid
1271 4161 1330 4202 non
1340 4159 1424 4202 ccco·

120 4245 189 4308 cale
211 4244 337 4310 dictum.
376 4251 519 4312 Fortasse
542 4248 674 4328 respexit
695 4269 748 4312 au·
802 4255 884 4333 girat
896 4254 1004 4336 putas.

120 4365 173 4416 tor
188 4351 228 4416 sd
241 4365 349 4418 notum
368 4351 462 4417 illude
488 4358 582 4418 Gutta
604 4371 690 4416 cavat
702 4356 747 4416 lo·
850 4350 1050 4442 ²Spragcleg]
1064 4353 1220 4440 Spretilegr
1235 4346 1364 4414 blandis
1379 4361 1427 4414 stt

115 4457 228 4546 pidem.
287 4458 472 4545 Stepbsnius
495 4457 684 4536 existimavit,
704 4459 747 4520 le-
805 4477 947 4523 strenuus.
1006 4458 1179 4542 Scriptores
1206 4453 1300 4538 Angli
1326 4453 1434 4518 virum»

121 4561 254 4648 gendum
266 4583 330 4630 csse
344 4571 503 4652 excogitat,
518 4551 666 4630 adductus
677 4566 747 4628 loco
803 4565 886 4629 bunc
896 4562 1251 4648 rucrntSprslalingsire
1260 4558 1427 4645 Sprstling.

121 4670 243 4740 Valerii
262 4667 395 4749 ltnsimt,
421 4689 512 4756 quem
535 4671 616 4736 Saxo
636 4667 749 4732 imitari
851 4673 1007 4736 'olavum
1028 4697 1091 4735 cam
1114 4665 1266 4744 Horrida]
1293 4661 1428 4730 Histori-

122 4775 255 4844 volsisse
276 4775 409 4857 ridetur,
430 4776 484 4842 lib.
504 4777 618 4862 Vcsp.
644 4771 683 4851 4,
713 4771 748 4836 7:
806 4797 855 4842 am
878 4776 954 4840 belli,
970 4776 1050 4838 inter
1071 4777 1221 4838 &notum
1243 4783 1275 4836 ct
1295 4771 1427 4838 (llum

178 4899 374 4950 smum
387 4900 520 4950 mern.
1158 4881 1235 4974 (33)
