3442 5456
360 317 432 387 262
702 314 877 384 lllSTOll.
894 313 999 384 DAN.
1015 311 1152 382 LIBER
1170 313 1224 384 Vl.

312 545 561 620 suspensoque
584 523 728 620 vestigio
752 527 870 617 petit¹.
930 513 1045 620 Cujus
1063 520 1233 594 conclave
1250 537 1385 611 nactus,
1405 517 1476 596 sub
1495 519 1607 588 immi-

311 659 415 716 nente
437 642 574 716 loribus
600 642 775 717 testudine
797 644 1021 718 consistebat
1085 645 1242 716 Juvenes
1263 641 1441 742 siquidem
1456 665 1479 712 a
1495 639 1609 712 muni-

315 769 418 838 menti
432 763 597 836 firmitate
610 765 767 860 profecta
789 770 960 840 securitas
985 766 1032 839 ad
1053 765 1242 863 crapulam
1261 763 1494 862 provocabat,
1519 760 1611 834 arbi-

314 905 454 975 nantes,
475 889 701 960 incitatissimi
720 884 841 984 lapsus
866 887 1014 962 fluvium
1032 891 1251 961 inaccessum
1267 887 1392 960 fecisse
1408 883 1613 984 praesidium,

315 1013 379 1109 qui
397 1033 462 1080 nec
479 1007 600 1082 nando
620 1011 732 1108 trajici
760 1037 828 1083 nec
845 1010 981 1083 ratibus
994 1015 1154 1108 superari
1175 1035 1283 1108 posse
1296 1008 1488 1082 videretur.
1548 1009 1612 1078 Ne-

316 1157 388 1246 que
404 1133 497 1203 enirn
511 1130 584 1202 ulla
605 1139 718 1205 amnis
732 1157 815 1230 pars
826 1135 985 1232 perviam
998 1132 1076 1206 vadi
1090 1136 1231 1232 copiam
1241 1131 1359 1204 dabat
1408 1133 1504 1202 Tum
1519 1131 1614 1200 bitr-

316 1280 376 1346 no,
393 1253 568 1325 convivali
585 1252 760 1330 hilaritate
774 1253 943 1347 suffusuS,
960 1279 1141 1354 egressam
1160 1253 1265 1329 undis
1280 1253 1442 1327 belluam
1456 1277 1524 1350 per
1539 1253 1615 1349 qui-

317 1391 409 1448 etem
428 1374 493 1446 sibi
520 1395 750 1472 conspectam
767 1375 928 1468 affirmat,
954 1401 1036 1476 quae
1061 1381 1174 1450 tristes
1197 1401 1260 1450 ore
1282 1375 1446 1448 flammas
1471 1395 1616 1472 egenus,

317 1499 504 1570 continenti
524 1516 650 1572 cuncta
666 1498 829 1572 incendio
846 1499 955 1572 daret
1008 1498 1249 1591 Quamobrem
1272 1495 1512 1598 indagandam
1526 1497 1616 1568 insu-

320 1621 364 1692 lae
377 1615 553 1691 latebram
574 1645 661 1712 esse,
686 1621 751 1694 ricc
769 1621 859 1694 aden
878 1622 1042 1695 locurum
1057 1619 1195 1695 habitui
1213 1619 1480 1708 confidendum,
1504 1633 1544 1691 ut
1565 1617 1616 1686 ni-

319 1749 389 1814 mia
407 1743 601 1815 securitatis
622 1749 900 1842 praesumptione
927 1762 1082 1818 extrema
1098 1748 1245 1818 incautis
1269 1745 1441 1842 pernicies
1455 1739 1616 1812 afferatur.

321 1863 415 1936 Nihil
433 1867 526 1936 enim
542 1865 587 1936 ita
602 1867 667 1938 situ
684 1868 859 1938 munitum
878 1891 965 1957 esse,
981 1873 1051 1958 cui,
1065 1869 1093 1940 si
1113 1867 1270 1940 humana
1285 1865 1376 1938 desit
1392 1885 1514 1960 opera,
1538 1863 1617 1932 sim·

323 1985 404 2086 plex
419 2005 555 2060 naturae
573 1987 679 2060 tutela
697 1987 855 2062 sulliciat.
917 1994 1090 2064 Praeterea
1114 2003 1342 2086 summopere
1358 1982 1567 2074 cavendnm,
1580 2007 1617 2052 uc

323 2114 447 2182 somnii
470 2111 524 2181 sui
540 2106 842 2184 denunciationem
859 2112 989 2184 tristior
1005 2109 1114 2184 cladis
1139 2126 1284 2183 eventus
1299 2109 1458 2206 excipiat.
1523 2108 1619 2204 lgitur

322 2255 448 2303 omnes
472 2235 695 2306 munimentis
720 2236 851 2334 egressi
891 2236 1073 2331 totiusque
1114 2231 1238 2304 insutae
1262 2229 1436 2304 ambitum
1460 2230 1619 2304 curiosius
1699 2261 1700 2322 ᾗ

323 2350 506 2451 speculati,
526 2372 667 2452 reperto
685 2354 839 2445 caballo,
870 2354 1077 2427 Fridlevum
1103 2352 1308 2426 fluvialibus
1331 2356 1437 2451 aquis
1462 2352 1619 2424 obrutum

324 2475 580 2574 conjectabant.
649 2480 793 2575 Equum
825 2503 929 2567 vero,
961 2481 1182 2575 praecipitato
1208 2499 1346 2548 sessore
1372 2492 1529 2548 tranasse
1556 2479 1621 2560 rati,

327 2595 473 2696 perinde
498 2623 540 2670 ac
573 2603 680 2698 regiae
714 2604 835 2674 mortis
860 2606 1030 2673 nuncium
1062 2599 1173 2698 portis
1196 2597 1415 2696 gratulanter
1448 2601 1621 2694 excipiunt.

327 2724 371 2792 At
387 2721 528 2810 bienno,
544 2741 798 2794 nocturnarum
815 2721 935 2796 adhuc
952 2726 1144 2824 imaginum
1165 2726 1335 2794 memoria
1350 2721 1503 2810 territus,
1519 2707 1620 2788 excu-

327 2841 394 2913 biis
415 2841 586 2914 utendum
612 2842 792 2935 hortatur,
819 2843 919 2943 quod
949 2844 1099 2944 periculi
1116 2847 1356 2943 suspicionem
1379 2839 1538 2915 nondum
1555 2855 1619 2910 tuto

327 2963 519 3060 deposituri
539 2964 751 3038 viderentur.
812 2971 891 3066 lpse
916 2968 1045 3041 deinde
1065 2965 1251 3066 capiendae
1277 2968 1405 3063 quietis
1430 2971 1538 3064 gratia
1562 2987 1621 3033 cu-

328 3083 490 3158 biculum
515 3090 610 3183 petit,
636 3089 809 3161 visionem
826 3107 944 3163 mente
967 3089 1071 3164 altius
1095 3091 1290 3187 repositam
1314 3086 1487 3159 lrabens².
1545 3089 1621 3154 luter
1698 3089 1699 3116 ¹

328 3204 406 3279 lraec
429 3233 565 3306 equus,
598 3235 707 3307 quem
731 3211 917 3286 Fridlevus
940 3212 991 3285 ob
1016 3208 1231 3311 vulgandam
1264 3215 1421 3282 interitus
1451 3215 1504 3281 sui
1528 3205 1621 3278 fidem

328 3331 504 3402 intercutis
522 3346 658 3404 tantum
674 3335 830 3407 cruoris³
854 3333 1024 3407 ellusione
1041 3349 1265 3432 resperserat,
1291 3332 1444 3404 militum
1470 3333 1546 3429 ejus
1566 3351 1622 3400 ca-

330 3469 399 3524 stra
416 3451 619 3526 maculosus
636 3457 773 3552 irrupit.
816 3458 883 3547 Qui
900 3454 995 3529 illico
1014 3483 1153 3528 amnem
1170 3472 1340 3553 petentes,
1357 3472 1537 3552 repertum
1553 3476 1622 3524 ser-

332 3578 364 3646 vi
389 3573 542 3646 cadaver
573 3579 713 3672 regium
737 3578 977 3652 existimavere
1001 3605 1149 3677 corpus,
1183 3577 1284 3675 quod
1304 3577 1410 3650 nitida
1435 3594 1530 3650 veste
1550 3572 1622 3646 cul-

332 3713 405 3768 tum
424 3695 593 3768 stridulus
622 3702 710 3794 ripae
736 3719 860 3773 vortex
886 3700 1063 3798 adegerat.
1118 3706 1280 3792 Quorum
1307 3703 1460 3773 maxime
1483 3719 1623 3772 errorem
1697 3707 1698 3780 t

332 3817 577 3890 converberati
596 3823 758 3916 corporis
776 3839 901 3922 turgor
915 3824 1062 3922 adjuvit,
1083 3849 1163 3895 curn
1182 3821 1331 3895 lacerata
1352 3837 1568 3918 contusaque
1580 3817 1625 3888 si-

331 3938 460 4012 licibus
479 3939 567 4010 cutis
584 3941 752 4015 informes
769 3946 839 4017 oris
855 3963 956 4018 notas
968 3951 1118 4045 exangui
1134 3946 1272 4044 pallore
1288 3944 1529 4017 confunderet.
1554 3943 1623 4010 llu-

380 4143 386 4173 '
410 4141 483 4200 Levi
504 4161 696 4222 suspensoque
719 4144 841 4221 castigio
865 4137 955 4226 petit]
1018 4139 1071 4200 lib.
1090 4135 1219 4221 lp.,96:
1241 4156 1337 4204 ruanet
1358 4141 1422 4200 alta
1447 4153 1538 4198 mente
1557 4157 1626 4218 repo·

335 4242 481 4326 Apuleius
497 4243 731 4327 Metatnorpbus.
747 4243 798 4305 lib.
815 4247 854 4304 lll
867 4267 896 4326 p.
915 4243 954 4304 91
1017 4265 1101 4307 stram.
1122 4243 1172 4320 (S)

335 4349 380 4410 etl.
401 4351 433 4410 in
451 4371 493 4410 us.
519 4349 628 4432 llelph.
658 4352 873 4412 Adi-utiendum
893 4377 955 4412 sus·
1064 4351 1242 4412 'laterculis
1262 4368 1375 4412 tuntum
1398 4343 1523 4425 cimorra]
1546 4349 1629 4405 luter-

331 4481 421 4542 penso
442 4472 470 4516 ct
494 4461 594 4516 t'trauuu
612 4461 735 4540 uestigio
758 4483 801 4517 rue
812 4459 956 4542 perducit.
1018 4481 1068 4517 cus
1082 4455 1231 4537 adjective
1245 4455 1373 4516 sumitur
1387 4465 1418 4514 et
1433 4453 1627 4514 inlercmncnt
1696 4445 1697 4470 l

335 4559 385 4639 (S)
1019 4573 1162 4624 etcutem
1182 4562 1321 4636 existent,
1344 4556 1493 4642 quidquid
1512 4555 1558 4630 xit,
1576 4551 1629 4632 sig·
1696 4547 1697 4638 l

1019 4667 1129 4730 nilloal.
1179 4669 1261 4730 Hinc
1279 4690 1357 4747 aqua
1377 4669 1504 4726 detersus
1519 4681 1572 4744 pro
1583 4657 1629 4736 bt·
1696 4645 1697 4718 l

382 4776 549 4832 vitiorum
574 4793 664 4868 tractate
688 4778 777 4836 calatus
802 4781 956 4860 repositam
1018 4773 1125 4856 cleope,
1146 4775 1232 4856 cujus
1246 4765 1556 4847 metttlnlthlcewtltt
1569 4759 1627 4827 Off·

337 4875 456 4953 tauteus]
469 4875 765 4956 Virgilirnuimitatus
782 4893 826 4940 est
840 4879 955 4941 ,aeneid
1014 4883 1063 4954 tlt,
1082 4877 1130 4940 Ἡ.
1154 4881 1204 4958 l)
