3446 5458
581 299 770 384 FRO'FliO
791 301 857 372 tlt.
1241 299 1312 374 221

79 511 259 612 inpensius
279 511 400 610 erupit.
449 505 512 584 illa
537 533 698 588 sororem
731 533 774 584 se
800 511 982 584 Gaurana
1004 529 1203 610 maraque
1222 509 1363 591 lorrna-

79 663 150 716 rnsa
166 631 479 719 fallisirnibtudine
494 629 728 706 memorabat.
790 632 902 728 Cujus
925 631 1010 706 cum
1037 655 1101 705 rex
1124 633 1366 732 cognoscendi

78 785 174 837 musa
194 759 472 856 subituregiam
485 756 714 854 repetivisset,
740 755 910 828 Gunvara
935 757 1077 852 pontino
1094 777 1145 846 se,
1159 781 1236 854 qno
1251 779 1367 832 vene-

79 899 135 976 nt,
157 882 326 972 referens,
351 878 499 978 pristino
520 879 558 950 in
572 876 655 950 loco
678 876 816 952 emotis
837 874 1032 974 spectanda
1047 873 1214 950 eoumdn
1286 881 1367 970 Quo

78 1011 142 1080 risa
157 1009 322 1096 Gnarus,
349 1023 479 1100 parum
502 997 698 1074 luminibus
715 997 900 1088 credulus,
927 1003 1186 1072 marimanam
1211 1003 1367 1100 agnitio-

77 1132 123 1205 nis
135 1125 325 1203 diffulentia
342 1123 390 1198 ad
402 1124 549 1196 Ericum
563 1124 631 1194 iter
650 1145 854 1213 remensus,
884 1119 1032 1196 relatam
1047 1144 1115 1194 suo
1137 1149 1238 1197 more
1257 1127 1369 1197 Gun-

79 1273 189 1325 raram
200 1272 277 1347 pree
295 1245 410 1320 oculis
423 1244 560 1318 habuit.
610 1247 672 1336 Ita,
696 1244 838 1342 quoties
858 1242 1025 1316 aularum
1045 1241 1163 1318 aditus
1176 1261 1367 1344 permuta·
1464 1321 1473 1342 ,

80 1377 132 1460 rit,
145 1375 247 1444 toties
262 1368 466 1466 utrobique,
483 1389 593 1464 quam
612 1365 811 1464 quaerebat,
827 1364 983 1440 offendit.
1033 1371 1078 1438 Et
1092 1368 1167 1463 jam
1181 1393 1256 1441 non
1270 1393 1367 1444 con-

78 1492 197 1586 similis,
214 1491 281 1565 sed
292 1487 418 1564 eadem
432 1488 516 1560 hinc
534 1485 617 1560 inde
633 1487 740 1562 facies
755 1491 887 1589 ingenti
901 1515 1023 1589 regem
1040 1488 1271 1564 admiratione
1285 1507 1366 1564 tor-

79 1615 209 1712 quebat.
260 1612 483 1712 Impossibile
497 1613 592 1684 enirn
607 1609 654 1685 ad
668 1637 811 1686 ornnem
827 1611 1016 1688 ridebatur
1033 1611 1194 1706 modum,
1226 1613 1368 1714 absque

79 1735 214 1814 notabili
242 1734 442 1810 discrimine
478 1735 630 1810 eiusdem
654 1735 803 1812 diversis
836 1733 1001 1808 habitum
1027 1740 1140 1813 inesse
1161 1737 1367 1812 formarum.

78 1857 187 1932 Soluto
213 1855 355 1933 tandem
375 1860 560 1951 convivio,
591 1859 700 1934 filiam
722 1874 757 1934 et
770 1861 915 1930 Ericunr
932 1858 1083 1957 nuptiali
1105 1861 1149 1931 ln*
1163 1859 1369 1936 cubiculum

78 2006 181 2080 usque
196 1984 362 2061 comitate
377 1989 619 2080 prosequitur.
670 1986 754 2082 lpse
766 1981 853 2054 alias
871 1979 1150 2056 cubitum-redit.

195 2108 240 2178 At
253 2106 379 2178 Ericus
409 2102 586 2178 Alvildarn
608 2103 780 2178 Frothoni
803 2102 1011 2178 destinatam
1045 2127 1208 2180 seorsum
1232 2107 1369 2181 cubare
1473 2181 1477 2186 .

78 2231 246 2322 permittit,
270 2229 487 2318 Garamam,
511 2242 551 2300 nt
575 2241 666 2317 onte,
697 2223 827 2298 deluso
847 2249 949 2324 rege,
974 2225 1192 2324 complexus.
1243 2233 1368 2329 ltaque

79 2351 234 2440 Gaurus,
254 2351 452 2425 insomnem
472 2372 583 2446 agens
605 2364 757 2439 noctem,
779 2345 925 2444 stupido
942 2354 1143 2448 errantique
1158 2353 1284 2426 vanimo
1302 2350 1368 2424 lu-

79 2471 280 2548 dificationis
304 2495 378 2546 suae
403 2477 560 2569 speciem
581 2471 745 2570 agitabat
805 2474 929 2568 Neque
953 2472 1045 2544 enim
1067 2473 1200 2569 paritas
1221 2478 1369 2573 specie·-

78 2620 166 2684 rum,
192 2593 259 2668 sed
273 2591 433 2668 identitas
448 2593 647 2678 videbatur.
708 2589 810 2666 Unde
835 2596 967 2666 incerta
990 2592 1082 2670 adeo
1110 2611 1219 2694 atque
1237 2620 1368 2696 anceps

78 2715 167 2790 illum
189 2721 374 2792 aesdmatio
397 2715 523 2808 subiit,
547 2731 588 2788 ut
609 2716 723 2788 errori
746 2713 938 2810 tribueret,
962 2713 1065 2814 quod
1088 2741 1216 2792 revera
1230 2715 1368 2817 deprc-

78 2835 220 2914 hensum
232 2837 403 2912 uhebst.
453 2837 613 2910 Tandem
626 2844 761 2935 pariete
775 2836 939 2912 fraudem
955 2841 1078 2915 instrui
1093 2845 1261 2939 potuisse,
1283 2841 1368 2913 ani-

77 2985 130 3036 mo
150 2959 382 3036 obversatum
404 2977 467 3036 eat.
538 2964 654 3054 Quem
677 2985 761 3032 cum
789 2957 987 3059 diligentius
1008 2966 1134 3061 inspici
1152 2954 1371 3063 lustrarique

75 3083 236 3179 jussisset,
261 3083 359 3158 nulla
374 3085 552 3160 fraudunis
566 3087 714 3183 vestigia
727 3080 970 3182 deprehendit.
1020 3088 1233 3162 Inconcussa
1251 3089 1370 3184 siqui-

78 3204 153 3280 dem
166 3212 274 3280 totius
288 3205 374 3280 aedis
390 3212 570 3308 integritas
585 3204 792 3306 apparebat.
854 3207 997 3306 Quippe
1012 3211 1138 3282 Ericus
1153 3223 1260 3282 nocte
1275 3231 1370 3282 con-

76 3329 188 3418 cubia,
211 3353 285 3428 quo
303 3333 417 3404 minus
432 3328 538 3404 dolus
559 3329 777 3426 conspicuus
796 3327 904 3420 foret,
929 3329 1036 3404 solati
1058 3333 1203 3430 parietis
1218 3345 1372 3404 sarserat

75 3451 262 3526 laesionem.
323 3451 462 3526 Deinde
487 3451 580 3528 duos
600 3449 857 3548 cognoscendae
881 3455 934 3524 rei
947 3477 1054 3528 eausa
1066 3457 1170 3528 tacite
1184 3455 1277 3526 Erici
1298 3476 1370 3526 cu·

74 3573 192 3650 biculo
213 3577 430 3650 muomissos
453 3599 497 3648 ac
518 3591 601 3674 post
625 3573 775 3647 aulanam
793 3575 981 3648 consistere
1002 3576 1120 3675 jussos
1141 3588 1269 3648 cuncta
1298 3597 1370 3646 on-

76 3698 198 3772 n'oaius
213 3697 397 3770 attendere
406 3697 520 3797 jubet.
548 3695 658 3770 Iidem
671 3697 814 3770 Ericum
827 3721 909 3770 cum
920 3700 1089 3772 Gunvara
1102 3719 1286 3800 repertum
1300 3731 1371 3780 oo-

76 3815 218 3905 cideudi'
231 3823 400 3918 quoque¹
419 3833 642 3918 praeceptum
656 3835 874 3917 acceperant.
924 3821 1004 3913 Qui,
1017 3821 1102 3894 inita
1118 3821 1268 3900 latenter
1282 3827 1372 3919 tede,

76 3941 194 4016 relatis
208 3945 342 4017 curtim
357 3941 497 4042 angulis
512 3946 735 4039 praesentiam
749 3941 975 4034 occultantes,
999 3947 1142 4018 Ericum
1157 3971 1200 4020 ac
1216 3951 1372 4022 Gunra-

75 4089 162 4158 ram,
182 4067 281 4138 nexis
298 4046 449 4138 invicem
466 4064 639 4158 brachiis,
662 4066 843 4138 communi
865 4082 943 4137 toro
964 4067 1121 4141 fruentes
1139 4071 1371 4167 conspiciunt.

75 4189 173 4280 Quos
189 4189 414 4286 semisopitos
430 4189 506 4280 rati,
530 4184 800 4286 profundiorem
817 4189 942 4285 quietis
965 4192 1106 4288 copiam
1127 4191 1372 4291 expectabant,

76 4315 201 4410 operiri
235 4307 417 4401 volentes,
446 4307 561 4382 donec
586 4308 785 4406 exequendi
814 4307 955 4383 sceleris
977 4297 1199 4386 occasionem
1230 4320 1373 4413 gravior

74 4441 448 4534 porrigeretsomnus.
500 4435 568 4525 Qui
591 4455 686 4522 cunt,
704 4448 869 4510 stertente
884 4434 1050 4506 sonorius
1063 4436 1190 4528 Erico,
1211 4435 1373 4535 concepti

75 4549 217 4628 liberius
232 4557 349 4630 sornni
364 4555 520 4653 speciem
535 4557 771 4654 agnovissent,
787 4559 955 4628 continuo
972 4553 1171 4628 trucidandi
1188 4559 1267 4657 ejus
1282 4583 1371 4658 grn-

75 4673 119 4744 tia
144 4673 314 4751 destrictis
343 4675 512 4776 prodiere
542 4676 787 4752 mucronibus.
857 4681 1020 4770 Quorum
1054 4683 1179 4754 Ericus
1204 4679 1373 4754 insidioso

121 4873 288 4958 'departiri
300 4873 452 4956 occidendi
464 4870 585 4958 quoque]
599 4870 656 4936 Ed.
670 4893 719 4956 pt.
734 4885 766 4936 et
784 4873 891 4958 steph.
905 4891 1048 4960 repertum
1061 4875 1270 4959 ocatiiendr'qoe.
1291 4871 1373 4958 (lig)
