3446 5458
349 265 419 337 152
681 265 858 338 HISTOR.
875 265 981 338 neti.
996 265 1135 338 LIBER
1154 266 1210 339 lV.

285 473 528 550 -ure'manrlum
544 472 686 573 reliqui,
711 477 747 546 in
763 483 840 572 q'uo
855 473 981 548 saltem
995 475 1100 574 justae
1116 473 1259 550 ultionis
1274 471 1480 573 cupidinem
1494 497 1598 550 easa-

295 604 383 677 tiane
396 601 548 699 possitis.
600 593 813 672 Conourrite
829 595 977 690 alacres,
994 605 1160 674 exstruite
1175 623 1316 696 rogum,
1339 602 1474 672 exurite
1491 599 1600 696 impi-

294 732 360 808 ant
380 729 525 821 corpus,
560 718 753 818 decoquite
771 717 945 794 scelestos
971 734 1079 811 amm,
1112 737 1271 820 spangrte
1298 721 1423 794 taurios
1453 721 1599 808 eineres,

291 843 447 943 disj'mite
466 845 622 916 immites
636 839 796 936 favillas3
820 847 896 914 non
916 866 1028 934 urna,
1054 867 1129 916 non
1152 841 1314 916 tumulus
1337 839 1517 917 uelandus
1536 866 1599 916 os-

284 971 388 1040 aiurn
415 963 587 1064 reliquias
617 961 772 1038 claudat
845 963 992 1038 Nullum
1025 963 1203 1063 parricidii
1233 965 1424 1064 vestigium
1450 979 1599 1052 manmt,

293 1086 416 1162 nullus
445 1088 693 1162 oontaminatis
730 1085 882 1160 arnrbus
905 1092 996 1160 iutra
1026 1092 1177 1186 patriam
1199 1086 1303 1162 locus
1328 1091 1469 1178 ernas,
1505 1085 1600 1160 nulla

295 1213 500 1309 oontagv'um
536 1211 663 1286 vieinia
695 1205 903 1304 contrabat3¹
933 1233 1006 1282 non
1041 1235 1159 1305 mare,
1188 1235 1263 1286 uon
1292 1206 1412 1284 solum
1444 1207 1601 1282 damnati

294 1329 482 1408 oedavetis
514 1327 672 1430 hospitio
702 1330 897 1431 polluatur.
972 1333 1109 1406 Caetera
1128 1357 1197 1432 ego
1223 1329 1385 1430 praebui,
1416 1329 1456 1402 id
1484 1328 1601 1406 solam

295 1452 399 1528 vobis
415 1456 556 1553 pietrrtis
579 1453 740 1528 officium
765 1451 930 1528 relictum
943 1471 1006 1530 est.
1065 1457 1128 1528 His
1143 1457 1303 1553 exequiis
1326 1450 1600 1553 prosequendus

287 1587 484 1674 tyrannus,
517 1574 586 1650 lma
607 1599 745 1676 pompa
766 1575 956 1676 parricidae
979 1577 1089 1651 funus
1112 1575 1330 1650 ducendum.
1387 1575 1461 1648 sed
1483 1597 1599 1674 neque

294 1700 375 1797 ejus
393 1701 541 1790 emeres,
566 1703 630 1798 qui
647 1702 800 1800 patriam
815 1698 979 1774 libertate
994 1698 1194 1790 nudaverit,
1219 1725 1240 1772 a
1268 1705 1384 1799 patria
1409 1705 1480 1797 tegi
1506 1723 1599 1774 oon-

294 1821 398 1894 mit
431 1851 435 1859 ’
451 1825 624 1896 Praeterea
639 1821 730 1920 quid
744 1847 843 1896 meas
856 1821 1043 1897 revolvam
1062 1825 1268 1896 aerumnas?
1300 1821 1521 1896 calamitates
1536 1849 1597 1896 ne-

294 1946 482 2016 oemeaimi
506 1960 663 2018 retexam
687 1947 869 2019 miserias?
903 1969 994 2045 quas
1011 1947 1078 2044 ipsi
1096 1971 1153 2018 me
1173 1943 1315 2043 plenius
1339 1946 1459 2018 noetis.
1520 1947 1598 2042 Ego

294 2064 457 2138 avinioo
480 2064 526 2138 ad
549 2083 701 2141 mortem
725 2073 915 2166 quaesitus,
949 2091 970 2139 a
998 2084 1111 2140 matre
1128 2083 1374 2165 contemptus,
1406 2066 1455 2140 ab
1478 2070 1598 2142 amine

295 2205 505 2286 consputus,
519 2213 634 2263 annos
658 2188 827 2263 flebiliter
841 2193 962 2289 exegi,
985 2189 1063 2264 dies
1076 2188 1283 2263 calamitose
1300 2188 1404 2281 duxi,
1427 2191 1597 2264 incertum

293 2309 376 2383 vitae
395 2315 538 2410 tempus
551 2311 722 2410 perieulis
741 2336 784 2385 ac
806 2328 904 2384 metu
922 2311 1095 2386 refertum
1121 2310 1244 2386 habui
1303 2316 1490 2388 Postremo
1514 2341 1600 2388 om-

292 2449 376 2504 nem
404 2439 514 2508 aetatis
530 2450 670 2532 partem
691 2440 844 2509 maxima
869 2461 953 2508 cum
976 2461 1097 2508 rerum
1117 2433 1330 2510 adversitate
1352 2435 1598 2512 miserabiliter
1711 2537 1712 2540 Ἴ

292 2579 457 2632 emensas
481 2581 573 2630 sum.
633 2559 737 2657 Saepe
757 2583 815 2630 me
842 2559 956 2632 tacitis
979 2566 1071 2631 intra
1091 2583 1157 2632 vos
1181 2559 1372 2656 questibus
1393 2583 1500 2634 sensu
1527 2583 1596 2634 va·
1635 2638 1637 2651 ¹

291 2701 401 2750 auum
411 2679 631 2778 gemebatis3
645 2680 769 2756 deesse
784 2679 938 2754 ultorem
953 2682 1059 2778 patri,
1081 2679 1270 2780 parricidio
1285 2679 1473 2768 vindicem.
1509 2686 1597 2777 Quae

288 2823 361 2872 res·
375 2800 559 2876 occultum
580 2801 669 2879 milri
689 2819 817 2878 vestrm
841 2804 995 2878 carimtis
1018 2801 1189 2880 iudicium
1214 2807 1350 2900 attulit,
1376 2808 1414 2878 in
1440 2830 1597 2904 quorum

290 2928 417 2997 animis
444 2923 600 2997 necdum
634 2929 759 3024 regiae·
782 2923 895 2998 eladis
927 2929 1137 3000 memoriam
1167 2929 1364 3004 exolevisse
1394 2928 1597 3003 cernebant.

290 3045 406 3144 Cujus
420 3052 544 3144 itaque
564 3063 638 3120 mm
658 3073 828 3146 asperum
848 3065 993 3146 pectus,
1018 3065 1091 3122 tam
1106 3076 1235 3126 saxeus
1255 3059 1372 3150 rigor,
1397 3077 1508 3151 quem
1525 3079 1597 3128 non

290 3171 499 3264 passionum
518 3171 681 3240 mearum
708 3172 911 3266 compassio
942 3171 1114 3262 molliat²‚
1144 3199 1386 3248 aerumnarum
1417 3179 1598 3250 miseratio

289 3313 363 3362 non
375 3289 517 3366 flectat?
535 3293 750 3364 Miseremini
765 3290 900 3364 alumni
916 3302 1035 3386 vestri,
1050 3300 1265 3372 moveamini
1282 3298 1483 3373 infortuniis
1498 3304 1596 3389 meis,

289 3413 355 3511 qui
375 3411 424 3486 ab
445 3411 665 3488 Horrendilli
693 3439 782 3488 neae
811 3416 988 3491 immunes
1019 3421 1142 3517 geritis
1164 3445 1302 3494 manus.
1376 3425 1593 3494 Miseremini

289 3559 435 3634 quoque
450 3531 588 3610 afflictae
599 3539 779 3636 genitricis
793 3563 894 3630 meae,
910 3555 945 3612 et
959 3539 1091 3642 reginae
1109 3543 1295 3641 quondam
1319 3560 1448 3618 vestrae
1476 3549 1595 3618 extin-
1708 3591 1709 3598 κ

289 3833 440 3914 Quotquot
460 3833 543 3917 apud
559 3835 684 3894 limeum
703 3835 823 3894 ludaeos
845 3857 909 3919 rep·
968 3847 1017 3900 sto
1032 3838 1122 3900 maris
1143 3848 1324 3921 tempestat9
1347 3837 1386 3902 etl
1399 3837 1467 3900 baec
1486 3837 1594 3902 verba:

304 3973 308 3980 ·
500 3947 502 3954 “
620 3940 715 4022 perir,
730 3959 828 4000 omnes
969 3942 1102 4004 Domine
1122 3943 1204 4006 salva
1235 3963 1310 4020 noa,
1337 3945 1479 4028 perimus.
1533 3949 1594 4010 Nec

287 4048 358 4125 lgni
366 4046 518 4130 supposito
532 4043 653 4104 Datami
659 4045 750 4128 pugil
768 4047 910 4108 oaaiaera-
969 4064 1077 4120 tunna,
1095 4046 1204 4132 inquit,
1221 4051 1282 4112 ulla
1303 4057 1463 4138 compassio
1472 4098 1484 4125 ,
1495 4058 1594 4140 pietas

596 4235 598 4244 y
693 4152 744 4210 ur't.
766 4147 825 4228 (S).
967 4154 1037 4214 ulla.
1056 4154 1098 4214 Et
1108 4156 1161 4216 lvo
1171 4156 1364 4220 carnotensis
1373 4157 1596 4242 epistxxxti

332 4251 441 4335 'Quem
453 4275 511 4312 noa
520 4254 691 4335 paestanum
699 4277 825 4316 mearum
834 4281 909 4318 com·
966 4261 1038 4320 Hoec
1055 4265 1133 4322 rutt'o
1150 4265 1223 4324 mr'lrr'
1242 4265 1387 4327 seruanda
1403 4267 1521 4328 videtur
1528 4309 1540 4338 ,
1561 4283 1593 4326 ut

282 4359 383 4443 passio
402 4351 529 4434 molliat]
551 4357 612 4417 Par
633 4355 684 4418 bio
702 4357 835 4421 occurrit
856 4382 909 4422 vo·
966 4365 1041 4426 »aiiii
1052 4370 1094 4428 er's
1115 4368 1201 4428 alatur
1215 4373 1276 4430 rarii
1293 4373 1402 4432 r'rrtuim
1419 4389 1448 4432 et
1463 4396 1592 4460 eompas-

285 4479 354 4524 cttm
369 4459 496 4524 inventu
508 4481 611 4524 rarum
631 4473 662 4525 et
682 4461 747 4526 fere
771 4463 907 4550 incogni·
965 4471 1187 4536 sebnaleumamr
1204 4475 1381 4558 indigentior·
1424 4477 1592 4564 Csrmpatsrb

285 4579 361 4631 tum.
407 4553 523 4630 nurus
543 4577 643 4630 tamen
661 4567 801 4633 ultimum
822 4591 907 4635 usur·
963 4573 1057 4656 igitur
1073 4574 1154 4640 iden
1176 4577 1227 4642 hio
1246 4581 1305 4644 erit
1329 4599 1365 4644 uo
1390 4578 1591 4646 condolentia.

286 4689 360 4757 pare
395 4692 456 4734 non
487 4669 637 4736 dubitavit
668 4674 779 4737 Petrus
812 4676 906 4758 Chry·
962 4678 1021 4760 (S).

283 4779 406 4860 sologus
415 4797 552 4840 sermone
562 4779 618 4840 xx
629 4775 665 4841 de
677 4777 777 4844 sedata
792 4781 903 4845 aClrri-
