3520 5462
390 319 463 396 124
724 315 899 392 HISTOR.
917 317 1021 391 DAN.
1036 317 1173 392 LIBER
1193 321 1247 390 tlt.

337 533 484 608 oedem
495 555 654 632 namque
668 527 839 630 nymphas
862 529 1018 604 accurati
1030 532 1154 602 nitoris
1176 523 1361 628 cingulum
1375 542 1635 628 potentemque

337 661 494 731 victoriae
509 678 633 726 zonam
650 651 812 726 clementi
829 651 1046 751 benignitate
1061 656 1093 722 ei
1113 648 1250 750 largitae
1263 654 1380 724 sunt1.

467 777 634 871 Quicum
657 780 846 872 pristinum
861 779 928 847 iter
942 772 1165 847 remetiendo
1181 771 1284 864 calle,
1307 797 1383 872 quo
1398 785 1555 862 vennae
1571 794 1635 844 re-

336 897 522 999 pedarct2,
555 896 653 971 obvii
674 897 742 972 sibi
767 895 908 970 Balderi
936 894 1030 969 tatus
1063 893 1202 970 hausit³
1239 917 1397 992 cumque
1425 899 1636 969 seminecem

335 1025 537 1121 prostravit
596 1022 678 1112 Quo
707 1017 880 1092 militibus
903 1019 1072 1092 nunciato
1096 1025 1180 1091 totis
1202 1014 1349 1100 flotberi
1374 1023 1499 1094 castris
1522 1017 1638 1110 alacer

335 1143 567 1218 exultantium
591 1140 728 1215 clamor
754 1140 926 1231 insonuit,
959 1114 1078 1226 xDante
1106 1137 1248 1214 Bnlderi
1276 1138 1457 1212 sormnum
1485 1139 1636 1240 publico

280 1329 282 1336 .
335 1289 491 1340 moerore
503 1262 815 1364 prosequentibus.
875 1265 946 1356 Qui
965 1287 1049 1339 cum
1063 1259 1303 1338 indubitatum
1327 1259 1395 1336 sibi
1425 1262 1541 1337 fatum
1562 1265 1635 1336 im-

334 1394 468 1462 minere
485 1391 649 1475 sentiret,
680 1383 807 1459 dolore
826 1382 985 1458 vulneris
1013 1407 1187 1458 accensus
1218 1382 1278 1457 die
1298 1397 1442 1482 postera
1465 1383 1636 1484 proelium

333 1524 493 1586 renovat.
542 1513 624 1603 Quo
648 1509 806 1581 fervente
831 1503 957 1579 lectica
972 1529 1011 1580 se
1026 1509 1063 1576 in
1080 1507 1193 1580 aciem
1209 1504 1341 1578 deferri
1354 1509 1477 1606 jussit,
1508 1531 1556 1580 ne
1576 1513 1635 1580 in·

334 1651 388 1708 trs
401 1629 672 1708 tabsmaculom
689 1629 845 1704 obscure
860 1645 975 1702 morte
990 1625 1139 1726 defungi
1152 1625 1342 1702 videretur.
1403 1633 1550 1704 Postera
1564 1652 1637 1702 no-

334 1771 391 1828 cte
413 1753 531 1828 eidem
552 1755 765 1853 Proserpina
785 1775 852 1852 per
873 1755 1030 1852 quictem
1052 1766 1168 1825 astare
1190 1753 1371 1850 aspecta⁴,
1401 1749 1576 1853 postridie
1598 1775 1638 1828 se

379 2033 512 2097 'Eadem
527 2033 788 2122 namquenympdc
804 2035 951 2118 ctitgulem
1013 2029 1127 2103 redire,
1154 2035 1277 2104 reterri,
1321 2031 1500 2096 vocabulum
1527 2029 1635 2095 medice

334 2147 364 2204 si
386 2144 502 2224 largita
523 2136 605 2220 sant]
625 2141 696 2203 Hoc
715 2139 785 2203 loco
802 2149 853 2202 aut
865 2151 953 2203 auto·
982 2135 1109 2200 ‘etatis
1156 2131 1355 2222 scriptoribus
1399 2138 1635 2203 usitatissimum.

333 2265 399 2310 rem
412 2244 471 2309 sibi
485 2244 544 2329 ipsi
560 2241 818 2308 contradicentem
834 2257 887 2308 aut
907 2246 951 2308 le·
1011 2244 1187 2308 Ammianus
1207 2243 1399 2308 Marcellinus
1419 2243 1472 2308 lib.
1497 2247 1584 2313 xvtt
1604 2267 1636 2330 p.

332 2352 465 2416 ctionem
477 2352 541 2416 sive
556 2349 671 2414 mendis
685 2351 748 2414 sire
774 2351 889 2416 lacunis
908 2353 951 2416 la·
1009 2345 1069 2415 67:
1089 2353 1177 2414 Nihil
1188 2353 1313 2438 emplius
1329 2375 1403 2414 arou
1423 2351 1574 2438 repedavit
1594 2351 1639 2413 cul

333 2458 491 2522 borentsm
506 2453 700 2522 offendimus.
721 2457 857 2522 Primum
869 2458 950 2520 enim
1008 2481 1086 2520 scos.
1134 2455 1301 2524 Vensntius
1319 2457 1506 2520 Fortunatus
1526 2453 1580 2518 lib.
1603 2459 1634 2524 V

330 2545 369 2626 'ex
388 2573 456 2627 tcto
477 2563 661 2628 ost-rationis
682 2575 789 2627 tenore
806 2564 951 2650 intelligi-
1010 2585 1043 2648 p.
1064 2559 1141 2626 122:
1170 2567 1326 2650 Tempore,
1347 2585 1402 2646 quc
1421 2563 1535 2625 Clrhts'
1554 2585 1636 2650 repe·

334 2681 394 2748 tur,
413 2665 619 2732 conditionem
630 2667 950 2733 victotiteobtintndae
1010 2670 1093 2731 davit
1131 2669 1174 2731 ad
1205 2670 1270 2730 altu
1300 2684 1443 2756 potestas.
1499 2665 1634 2732 Adamas

332 2799 349 2840 a
372 2775 554 2860 virginibus,
588 2797 662 2861 quas
687 2796 781 2859 supra
808 2786 950 2860 tanquam
1009 2773 1180 2837 Brememis
1195 2773 1264 2837 hist.
1277 2775 1383 2836 eccles.
1395 2772 1448 2836 lib.
1464 2775 1478 2836 1
1492 2793 1560 2859 cap.
1574 2777 1634 2838 lx:

331 2881 487 2964 Vallyrias
501 2879 711 2966 descripserat,
726 2879 866 2943 flothero
879 2901 952 2964 pro·
1010 2879 1191 2942 Vr'llebuldtu
1211 2871 1382 2943 n'Gattrtm
1396 2881 1439 2943 ad
1450 2881 1634 2966 sepsrlclsrum
1746 2965 1747 2970 ἵ

330 2983 461 3073 possiam
487 2985 525 3049 ab
550 3005 606 3064 eo,
638 2985 753 3070 quippe
772 2985 824 3070 qui
850 2985 951 3049 victor
1008 2988 1108 3048 sorceti
1128 2987 1277 3072 repedent
1299 2987 1485 3050 Vetetrordt
1540 2981 1635 3047 Dodo
1746 3001 1747 3020 ¹

191 3089 205 3112 ⁸
331 3093 489 3174 exstiterit,
512 3089 605 3154 fuisse
621 3089 786 3174 impletam.
832 3090 951 3154 Deinde
1009 3088 1204 3154 deNonnau.
1215 3087 1339 3175 liblp.
1354 3085 1397 3154 80
1410 3088 1482 3154 edit.
1496 3089 1635 3154 Duobu-

331 3217 405 3264 vero
420 3200 554 3262 naratio
571 3195 609 3260 ds
620 3216 747 3262 occursu
760 3197 853 3260 trium
862 3219 948 3281 nym-
1009 3213 1065 3258 net
1082 3197 1167 3260 Cede
1180 3201 1307 3258 mci-criste
1313 3213 1439 3282 peracto
1450 3199 1537 3260 ttotto
1552 3221 1635 3285 repe·

329 3303 460 3388 pharum
487 3315 519 3366 et
541 3302 679 3388 inprimis
697 3315 763 3366 tota
784 3301 878 3366 edulii
898 3301 951 3366 de·
1009 3301 1093 3364 davt't
1108 3300 1151 3363 cd
1166 3325 1241 3362 suos.
1261 3298 1312 3380 (S)

329 3409 456 3496 scriptio
480 3429 666 3496 supervacua
687 3407 809 3490 luisset,
832 3411 858 3473 si
872 3409 950 3471 nihil
1052 3407 1198 3468 ³Baldcri
1209 3409 1288 3469 latus
1300 3402 1412 3487 hausit]
1433 3411 1474 3472 Ut
1490 3419 1635 3470 amator
1745 3415 1746 3438 ¹

330 3533 368 3578 ex
386 3513 488 3579 edulio
509 3527 656 3600 gustasset
674 3515 839 3605 Hotbcrus.
890 3516 950 3579 Ac·
1006 3509 1065 3576 sibi
1078 3523 1208 3590 constet,
1221 3510 1399 3596 cogitandus
1413 3513 1636 3592 satHotberus,

330 3617 428 3700 cedit,
456 3619 539 3705 quod
557 3620 738 3686 vocabulum
761 3643 882 3706 namque
902 3621 949 3684 ni·
1007 3620 1061 3704 qui
1075 3619 1230 3703 jamantca
1240 3616 1374 3702 gladium
1389 3627 1557 3702 acceperat,
1570 3639 1634 3703 quo

330 3724 385 3806 bil,
405 3745 467 3810 quo
487 3723 648 3807 reseretur,
673 3726 774 3790 habet.
814 3731 883 3790 Hoc
893 3725 950 3810 igi·
1008 3745 1091 3788 ruors
1117 3722 1250 3788 Baldsro
1274 3723 1373 3809 infligi
1394 3736 1512 3809 masos,
1551 3743 1635 3786 nnuc
1744 3767 1745 3805 ,

331 3841 381 3892 tur
399 3829 470 3894 loco
497 3841 613 3895 textum
635 3831 835 3896 adulteratum
860 3830 952 3894 tutan
1008 3829 1128 3894 demunt
1143 3842 1235 3916 copto
1251 3829 1354 3894 edulio
1368 3841 1401 3893 et
1413 3851 1491 3892 zona
1509 3831 1632 3916 potitus

329 3931 490 4000 crodium.
545 3939 622 4000 Hoc
648 3935 777 4021 denique
801 3936 949 4001 sententia
1007 3949 1126 4000 tuntum
1141 3937 1249 4000 virium
1266 3935 1465 4021 acquisivisse,
1485 3948 1521 4000 ut
1535 3935 1636 4022 gladi-

327 4039 467 4104 iirmstur
483 4041 645 4108 sutorime
666 4041 874 4127 epitomatoris
894 4045 948 4106 Ss—
1006 4063 1057 4106 um
1079 4039 1172 4106 fatale
1191 4043 1251 4106 rite
1273 4039 1415 4108 vibraret
1462 4045 1633 4107 Bructero

327 4145 432 4228 sonis,
452 4147 578 4213 Tbomae
594 4147 784 4230 thysmcri,
803 4147 858 4234 qui
879 4169 949 4212 nar·
1003 4148 1103 4212 omnia
1117 4149 1215 4213 multo
1231 4147 1396 4233 simplicius
1417 4161 1580 4214 narratur
1599 4150 1634 4211 in
1743 4127 1744 4172 ³

327 4253 478 4317 rationem
505 4251 552 4316 bis
578 4253 678 4318 serbis
702 4253 834 4320 claudite
887 4259 953 4342 (lut
1004 4253 1118 4335 Eddis,
1139 4275 1208 4341 qua
1230 4251 1441 4319 tantummodo
1462 4253 1560 4318 hassa
1570 4259 1634 4320 Mi·

327 4381 434 4422 mss
449 4383 508 4423 nort
518 4361 679 4426 Hdtdsruns
697 4363 752 4426 sed
774 4363 838 4460 ejus
860 4367 947 4425 comi·
1002 4365 1118 4426 stclter'n
1132 4359 1223 4426 dictae
1246 4359 1362 4424 facium
1378 4360 1573 4426 mentionem.

328 4475 385 4527 ism
401 4481 553 4539 summme,
568 4489 625 4528 non
639 4469 731 4532 solum
744 4468 880 4547 edulium,
895 4468 948 4529 scd
1048 4473 1196 4534 ‘Postera
1223 4483 1305 4530 nocte
1327 4469 1508 4554 Proserpina
1539 4467 1633 4534 et'dens
1742 4493 1743 4536 t

328 4575 416 4634 etr'ssss
427 4595 530 4638 sunm
542 4587 689 4660 potentem
695 4579 824 4640 us'ctorioe
837 4580 868 4639 si
878 4597 946 4638 ecn-
1003 4590 1102 4638 cature
1117 4568 1289 4662 prospectu]
1312 4567 1416 4634 Etiam
1434 4573 1469 4636 in
1490 4573 1548 4639 bac
1561 4595 1632 4638 nst·

329 4674 465 4738 talemne.
1003 4675 1129 4742 nticnis
1141 4689 1230 4763 parte
1251 4675 1507 4763 deprehendimus
1523 4677 1632 4744 obcu-

372 4781 573 4869 'BspsdcretJ
586 4788 744 4872 deperiere
763 4783 843 4848 idern
860 4783 941 4869 quod
1002 4805 1068 4850 ram
1109 4795 1246 4848 veterum
1294 4783 1470 4868 mytbormu
1508 4783 1630 4850 tsm.
1741 4867 1742 4890 Χ
