3506 5458
489 341 734 418 nutamus
754 338 1063 416 carnuntum.
1299 341 1370 422 481

117 565 285 654 mamm,
302 533 482 648 acceptam
499 555 666 652 injurians
673 573 822 649 pemare
839 555 998 650 cupiens,
1013 553 1171 628 Harsldo
1184 557 1221 628 in
1235 577 1344 654 opem
1358 575 1425 630 ac-

115 675 199 764 cito,
219 695 416 750 memorem
432 673 647 746 damnorum
671 677 761 745 iram
776 671 949 748 adversus
966 677 1117 750 inrisam
1139 677 1233 751 lirici
1253 674 1429 750 domina·-

29 833 44 884 t
115 801 249 867 tionem
269 792 460 869 destrinxit.
511 797 626 894 Cujus
649 799 703 868 rei
722 799 835 892 grain
856 793 1035 870 llaraldus
1062 795 1306 870 Haliandiam¹
1330 821 1425 896 pro-

114 915 288 1008 ficiscens,
308 913 539 991 Thentouiore
554 918 758 1015 irruptionis
774 921 965 1009 nuncium,
986 943 1069 1017 quae
1087 943 1107 992 a
1126 921 1267 994 Caesare
1283 918 1425 994 Othone

113 1037 342 1137 gerebatnr2,
358 1043 505 1140 accepit.
557 1037 805 1139 lgituralienae
827 1041 879 1112 rei
909 1041 1163 1138 impetitionem
1194 1065 1304 1140 quarn
1326 1037 1425 1141 prod

111 1165 202 1258 prise
217 1158 461 1235 defensionem
481 1159 705 1262 languidiore
737 1160 857 1236 studio
873 1181 1097 1261 prosecutus,
1124 1179 1275 1238 externae
1290 1187 1425 1264 pugne

110 1286 301 1379 proposito
319 1282 521 1359 domesticae
537 1309 659 1358 curam
676 1286 890 1383 anteposuit,
908 1283 1114 1385 reflexoque
1128 1289 1165 1358 in
1180 1287 1311 1358 lutiam
1331 1309 1423 1360 ccr-

109 1427 175 1491 su,
201 1401 249 1476 ad
274 1427 383 1502 opem
408 1409 590 1505 oppressis
611 1405 796 1480 ferendam
828 1407 1004 1506 praecipiti
1034 1406 1208 1481 eeleritate
1232 1406 1421 1484 contendit.

109 1525 183 1600 Sed
198 1549 243 1598 eo
258 1535 542 1626 superueniente,
568 1532 700 1621 Caesar,
713 1531 864 1620 Jntiam,
878 1544 1003 1626 utpote
1017 1532 1114 1630 regio
1132 1527 1243 1604 doctu
1256 1551 1421 1623 vacuam

107 1647 211 1722 nullo
225 1650 405 1724 rechtente
417 1675 645 1750 permensus,
673 1673 757 1726 cum
781 1652 920 1749 Lymici
933 1651 1031 1725 sinus
1049 1651 1208 1751 objectu,
1225 1666 1309 1726 tuno
1322 1668 1420 1726 tem·

106 1777 210 1872 poris
234 1772 446 1847 Wendalam
469 1775 572 1872 aquis
603 1771 817 1865 claudentia,
842 1770 990 1846 niseum
1015 1753 1201 1847 excurrere
1230 1790 1419 1868 amicior,

108 1897 273 1995 conjecta
298 1898 334 1968 in
356 1895 471 1970 nodas
492 1895 638 1989 lancea,
670 1919 744 1969 non
757 1893 876 1970 solnm
908 1898 975 1968 iter
997 1893 1045 1968 ad
1069 1894 1251 1993 Eydoranu
1275 1895 1420 1990 reflexit,

107 2029 238 2094 vei-um
263 2035 298 2092 et
322 2017 539 2094 simillimum
565 2018 661 2118 ingre
689 2017 844 2092 reditum
866 2005 1018 2092 hahuit.¹
1067 2015 1246 2117 Siquidm
1269 2015 1421 2114 hanam,

107 2145 217 2242 cujus
235 2125 340 2217 usum
355 2138 523 2234 habebat,
547 2143 743 2214 maritimos
762 2145 798 2211 in
813 2137 943 2214 fluctus
961 2138 1186 2238 relinquendi
1202 2145 1418 2214 monumenti

105 2268 219 2366 gradu
236 2263 433 2364 jaculatus,
456 2287 564 2337 suum
580 2262 672 2336 freto
687 2261 909 2336 vocabulum
931 2258 1066 2334 indidit
1118 2263 1253 2336 Verum
1277 2276 1317 2336 ut
1342 2271 1418 2336 iar-

106 2393 350 2488 petugruris,
374 2387 421 2458 ita
438 2387 533 2460 exitu
555 2407 668 2458 renus
686 2390 862 2483 apparuit.
915 2379 1094 2457 Hardtlus
1109 2389 1257 2484 quippe,
1280 2383 1419 2460 arden-

103 2513 242 2584 tissimo
256 2533 366 2584 cursu
386 2505 623 2582 abscedentes
647 2504 802 2580 hostiurn
828 2505 998 2605 reliquias
1025 2507 1260 2604 insequutus,
1283 2507 1418 2604 Eppo-

104 2657 201 2726 nem,
222 2635 364 2707 extremi
390 2630 541 2731 agminis
571 2625 721 2720 ducem,
737 2653 822 2702 curn
851 2631 905 2718 iis,
931 2651 1026 2728 quos
1040 2629 1190 2727 reperit,
1220 2625 1420 2702 nucidavit.

103 2761 241 2830 Interea
253 2752 498 2844 Sturbiornns,
512 2749 766 2825 contumeliosa
781 2749 929 2827 militum
939 2749 1183 2824 adhortatione
1196 2747 1417 2848 compulsus,

103 2877 286 2952 fortunam
310 2899 414 2949 snam
438 2889 570 2948 temere
584 2874 763 2948 sociorum
784 2871 980 2948 fortitudini
994 2871 1162 2966 credidit,
1193 2874 1303 2969 inque
1321 2893 1416 2970 pro-

102 3005 226 3100 prium
240 2997 387 3072 exilium
405 3021 514 3084 ruens
540 3001 718 3096 regiarum
733 2999 888 3096 partium
904 2995 1058 3070 reditum
1081 2993 1211 3070 stolida
1233 2997 1418 3090 praecessit

102 3121 266 3196 andacia.
324 3117 463 3193 Bellum
489 3123 581 3191 enim
601 3141 837 3218 praepropere
852 3141 980 3209 ansus,
1010 3119 1120 3193 rebus
1145 3119 1326 3194 Svennum
1350 3141 1417 3217 per

102 3243 275 3318 incuriam
289 3239 468 3338 lacessitis,
487 3238 671 3315 occiditur.
723 3243 769 3314 Et
784 3265 871 3316 sane
885 3239 1075 3316 hostilibus
1095 3237 1222 3342 gladiis
1236 3238 1333 3314 ultro
1348 3242 1416 3338 jn·
1471 3283 1473 3288 ,

102 3365 234 3469 guium
250 3364 398 3458 subiicit,
416 3367 579 3464 quisquis
596 3363 633 3437 in
652 3365 791 3466 urgenti
806 3363 929 3464 aliquo
947 3363 1144 3445 discrimine
1159 3368 1273 3464 magis
1290 3359 1416 3436 alienae'

100 3488 290 3564 temeritati
310 3491 593 3588 quamproprie
610 3473 828 3587 obsequitur
842 3484 1086 3584 providentiae.

236 3613 322 3684 Post
337 3607 417 3684 haec
436 3608 570 3710 Thyra,
596 3634 670 3708 quo
687 3610 877 3710 patriarca
899 3607 1121 3688 clandestinis
1139 3625 1344 3685 exterorum
1359 3613 1415 3682 ir-

104 3731 336 3832 ruption‘dsus
365 3733 533 3806 tutiorem
563 3747 767 3830 prestaret,
799 3747 973 3831 quantum
996 3753 1019 3804 a
1046 3728 1204 3804 Quinc
1235 3727 1284 3805 ad
1313 3731 1416 3806 ood-

100 3854 282 3930 dentelem
301 3877 477 3927 oceanum
492 3869 598 3952 patet,
611 3853 708 3930 vallo
723 3852 894 3954 fossaque
909 3850 1140 3952 proscindere
1149 3875 1317 3952 aggressa
1327 3855 1415 3944 esti,

101 4000 288 4076 superque
300 3977 398 4074 jacto
415 3999 546 4076 aggere
561 3975 771 4050 tenacissimi
789 3977 909 4075 operis
923 3992 1101 4072 terrenum
1116 3969 1239 4047 molita
1254 3989 1308 4049 est
1325 3999 1414 4047 rnu-
1539 4059 1545 4068 ι

101 4099 309 4173 nimentum.
365 4099 432 4170 Cui
449 4097 679 4198 postmodum
693 4095 910 4172 Waldemari
923 4104 1016 4200 regis
1034 4095 1307 4196 Absnlonisqne,
1329 4097 1412 4169 Da-

149 4374 160 4408 ¹
182 4365 390 4446 Ratiatum]
419 4365 602 4462 Siapltaniua
636 4365 730 4432 mbos
830 4365 1274 4453 'Vallososeaquprctaritdsrs
1288 4389 1414 4452 aggres-

103 4481 137 4538 r'n
153 4476 359 4540 ,Hdtmdrmo
785 4467 1149 4552 saeoJDemuninsoto
1159 4471 1410 4552 &mithile-

150 4582 251 4666 2(ὶιια
262 4605 285 4644 a
296 4580 411 4645 emm
426 4579 542 4646 omna
559 4573 730 4662 mutuor]
786 4577 867 4642 talio
883 4579 1053 4658 umorum,
1071 4577 1228 4665 appellato
1249 4575 1320 4642 ride
1344 4588 1410 4652 pot.

102 4689 154 4750 Dc
165 4683 359 4772 expeditione
367 4681 500 4750 Othonia
515 4682 731 4750 Pristinus
789 4680 873 4748 aba.

103 4793 188 4858 nhm
204 4790 266 4857 rid
283 4803 348 4858 noi
369 4789 458 4856 uber.

160 4915 214 4964 su.
229 4915 357 4964 omno.
370 4914 432 4964 aas.
445 4913 505 4963 on.
1141 4879 1217 4989 (di)
