3476 5460
370 311 445 386 tas
701 291 1259 384 nrsronnsnurnnnvrn.

323 525 543 622 conjiceres
559 520 695 619 quihus
710 543 773 593 eos
796 517 965 596 duntaxat
991 521 1028 592 in
1042 537 1190 594 censum
1212 526 1351 620 want
1369 519 1458 595 ratio
1477 511 1631 612 compu-

323 651 425 722 tantis
448 644 611 744 eligeret,
631 648 694 739 qui
711 647 852 718 enonas
875 645 1049 718 exaaoris
1062 667 1168 716 aures
1193 642 1351 718 clarioris
1378 645 1456 718 soni
1482 640 1634 736 crepita-

323 766 409 842 oulo
425 767 716 865 perstrinxissent.
783 767 866 858 Quo
885 768 1012 857 evenit,
1028 782 1069 840 ut
1084 763 1122 838 id
1149 765 1274 844 sotum·
1291 791 1341 842 ees
1360 764 1576 864 questoria
1588 759 1634 832 fi-

323 914 425 965 scum
444 885 679 988 supputando
695 886 891 986 colligeret,
915 891 1161 988 cujusnam
1184 889 1374 962 remotiore
1389 887 1486 960 auris
1503 880 1634 982 judicio

325 1013 575 1110 persensissem
625 1013 732 1109 cujus
759 1035 846 1084 vero
867 1011 1059 1088 obscurior
1075 1033 1186 1086 sonus
1205 1016 1291 1084 cina
1315 989 1557 1108 computantis
1570 1003 1634 1078 de·

326 1136 465 1208 fecisset
481 1133 655 1226 auditum,
670 1133 914 1231 recipiebatur
930 1135 1078 1234 quidem
1093 1137 1130 1208 iu
1144 1133 1285 1224 fiscum,
1300 1131 1365 1208 sed
1379 1129 1521 1206 nullutn
1534 1152 1635 1202 stirn-

241 1325 244 1332 .
327 1283 395 1328 rnre
411 1257 606 1354 praestabat
622 1272 866 1354 augmentum.
919 1257 1179 1356 Compluribus
1196 1259 1302 1357 igitur
1323 1275 1557 1328 nummorum
1579 1251 1635 1346 ja-

328 1378 447 1455 ctibus
463 1385 673 1478 questoriae
692 1403 795 1454 aures
811 1378 910 1452 nulla
924 1381 1081 1458 sensibili
1100 1386 1291 1456 sonoritate
1313 1374 1557 1477 pulsantibus,
1575 1396 1632 1444 ac·

328 1500 428 1590 cidit,
453 1518 493 1576 ut
518 1517 644 1576 statam
669 1525 737 1598 pro
759 1525 798 1575 se
820 1503 949 1600 stipem
970 1504 1151 1602 erogaturi
1192 1499 1341 1580 multem
1367 1496 1546 1575 interdurn
1562 1496 1632 1569 aeris

327 1640 465 1722 portem
483 1625 576 1696 inani
590 1627 763 1723 pensione
780 1642 1039 1700 consumerent.
1090 1625 1204 1722 Cujus
1218 1624 1341 1701 tributi
1358 1647 1467 1698 onere
1481 1645 1547 1718 per
1559 1623 1626 1692 Ka·

326 1743 444 1820 rolum
468 1762 593 1843 postea
617 1745 755 1820 liberati
780 1746 995 1844 produntur.
1047 1751 1215 1847 Cumque
1235 1750 1416 1835 Gotrioue,
1436 1761 1630 1818 nansoursa

327 1871 355 1940 F
357 1873 460 1958 resia,
485 1893 526 1942 ac
550 1893 695 1963 reverso
710 1871 785 1966 jorn
800 1872 915 1944 Rome
934 1872 1089 1965 Karolo,
1115 1873 1151 1946 in
1175 1870 1360 1946 ulteriores
1377 1893 1418 1946 se
1442 1869 1632 1942 Germanic

329 1993 533 2086 provincias
559 1986 742 2064 effundere
767 1995 964 2082 statuisset,
998 1994 1136 2094 proprii
1149 1992 1315 2079 satellitis,
1328 1991 1461 2068 insidiis
1482 1996 1632 2064 circurn-

330 2128 458 2188 ventus
490 2112 589 2186 ferro
613 2111 818 2191 domestice.¹
839 2113 977 2190 sraudis
999 2116 1161 2192 interiit¹.
1220 2119 1301 2209 Quo
1325 2113 1460 2206 audito,
1484 2109 1631 2186 Karolus

330 2231 444 2314 effuso
461 2233 596 2334 gaudio
619 2235 803 2328 exultavit,
835 2236 922 2310 nihil
943 2263 986 2318 eo
1011 2264 1100 2313 oasu
1121 2263 1283 2338 unquam
1304 2239 1458 2316 lortunte
1476 2261 1551 2312 suoe
1572 2237 1630 2334 ju-

332 2357 483 2430 cundius
499 2357 690 2432 obvenisse
708 2358 901 2434 confessus.

378 2635 492 2692 'Ferro
513 2631 808 2718 domestr'ocesraudrt
831 2629 956 2716 interiit]
1014 2651 1103 2696 aneta
1121 2635 1204 2696 vellet
1226 2633 1391 2705 extrahere,
1409 2647 1574 2694 consecutur
1591 2647 1627 2692 est
1710 2623 1711 2696 l

330 2737 532 2798 Consentiunt
550 2737 716 2822 scriptores
735 2739 845 2818 exteri;
864 2741 960 2824 Egiu·
1015 2741 1172 2821 eratfilius
1193 2763 1277 2811 snus,
1298 2739 1382 2821 cujus
1405 2741 1565 2824 nuperrime
1577 2761 1627 2798 mo·

331 2839 442 2904 bardus
458 2861 524 2926 cop.
542 2845 613 2905 till:
634 2847 715 2906 Nam
742 2869 762 2906 o
771 2851 897 2932 proprio
911 2871 959 2909 so·
1013 2863 1086 2908 trem
1111 2848 1227 2928 reliquit
1253 2861 1283 2906 et
1311 2847 1437 2906 alteram
1464 2866 1551 2930 super
1573 2867 1626 2906 eon

331 2949 421 3010 tellite
437 2950 608 3036 interjectus
627 2967 655 3012 et
676 2975 735 3012 sure
756 2955 825 3012 vr'toe
845 2969 873 3014 et
892 2952 960 3014 belli
1016 2951 1102 3012 duxit
1119 2974 1249 3022 osorem,
1269 2966 1299 3011 et
1314 2974 1378 3011 eum
1392 2951 1498 3033 plodio
1510 2974 1564 3038 per
1580 2973 1627 3011 rte·

330 3080 349 3116 a
364 3079 395 3116 se
409 3057 540 3118 inchoati
538 3057 631 3140 finem
640 3057 820 3118 acceleravit.
844 3055 957 3120 Chron.
1014 3059 1093 3118 dium
1108 3049 1216 3118 denual.
1274 3059 1475 3134 Hocautem,
1501 3066 1625 3116 uirtute

259 3195 265 3218 .
330 3159 478 3221 Moissinc.
491 3160 571 3244 apud
587 3159 629 3223 du
645 3159 762 3224 Chesne
777 3163 816 3222 lll
831 3183 862 3246 p.
882 3157 958 3224 146:
1016 3162 1135 3226 monuit
1144 3159 1353 3246 Langebelrius
1360 3158 1551 3246 (Scriptrer.
1560 3163 1625 3222 Deo.

330 3267 529 3344 Gothosredus
553 3269 621 3354 fuit
650 3271 820 3348 interjectus
851 3293 870 3329 a
905 3292 958 3330 suo
1016 3267 1103 3332 roll
1116 3290 1146 3352 p.
1160 3263 1247 3350 502),
1262 3267 1386 3352 reliquls
1397 3265 1625 3328 omnibutaliter

331 3375 367 3434 V
362 3373 455 3434 asello
471 3390 499 3434 et
512 3375 645 3459 perdidit
661 3397 779 3458 regnum
800 3400 864 3436 cum
885 3381 957 3438 urta.
1013 3372 1217 3452 narrantibus,
1234 3372 1298 3434 sine
1313 3370 1406 3434 dubio
1428 3369 1520 3436 falsus
1534 3391 1623 3434 rumor
1708 3395 1709 3400 ¹

329 3479 412 3541 Mon.
440 3478 573 3561 sangall.
600 3475 673 3539 ibid.
698 3467 816 3542 tom.l1
842 3503 873 3564 p.
898 3477 958 3544 130
1015 3478 1082 3544 fuit.
1110 3477 1320 3544 ChromEriui
1336 3471 1622 3564 Reg.(1.c.·p.156):

329 3582 512 3667 singularem
520 3583 599 3646 hano
608 3585 812 3648 narrationem
825 3585 863 3650 de
876 3607 958 3649 mor·
1014 3587 1171 3674 Godefrr'tlt
1172 3587 1289 3671 fugato
1305 3589 1480 3672 imperatore
1502 3604 1530 3648 et
1543 3587 1624 3647 Soro-

329 3702 361 3750 te
374 3688 438 3772 ejus
454 3687 561 3752 habet:
587 3693 772 3776 Godesredus
786 3717 837 3753 rex
856 3695 958 3755 Nord·
1016 3698 1068 3756 nt‘a
1090 3710 1209 3756 vastata
1231 3694 1334 3754 r'bt'dem
1361 3717 1381 3754 o
1408 3697 1529 3778 proprio
1549 3693 1624 3752 milite

330 3820 499 3857 moruorum
525 3797 658 3858 absentia
688 3799 792 3891 Cproli
810 3803 958 3862 anmatos
1017 3799 1177 3882 tramsteus
1195 3815 1238 3860 est
1258 3803 1289 3860 iu
1306 3815 1413 3860 ventre.
1441 3795 1539 3876 (Cnlr.
1557 3793 1623 3856 Hitt.

320 3903 401 3986 fines
426 3907 512 3986 regni
532 3907 709 3966 Fronwrum
739 3909 866 3978 eleuarit,
889 3909 957 3966 Mo·
1017 3899 1624 3990 Olav.'l¹ryggv.lnF01·nmanntt.iol·l

328 4009 523 4092 cellariumque
535 4033 649 4096 pagrtrn
663 4015 691 4070 r'u
708 4011 801 4072 sedem
816 4013 956 4098 st'bc'prec·
1014 4034 1045 4096 p.
1071 4005 1153 4088 106.)

329 4117 424 4196 elegit.
468 4117 539 4178 Cum
559 4140 624 4180 tero
645 4117 798 4200 folconem
817 4143 898 4180 suum
921 4121 956 4179 do

823 4270 916 4340 Finis
932 4269 1009 4341 libri
1026 4270 1150 4341 ocinri.
