3442 5456
386 309 461 388 234
728 309 902 380 tttsrott.
925 309 1029 380 DAN.
1053 309 1190 380 LIBER
1206 311 1245 380 V.

337 529 460 620 Neque
474 523 569 592 enim
588 512 773 591 mordendi
787 532 915 615 potens
932 534 1003 610 est,
1034 542 1144 618 quem
1169 533 1293 594 vastus
1316 523 1542 614 occupaverit
1553 515 1615 590 iol-

337 647 412 720 lis¹.
464 647 548 736 Quo
569 641 786 716 documento
813 641 888 738 regi
902 641 1103 739 irruptionis
1126 639 1274 714 edendae
1289 641 1460 714 naborem
1474 641 1618 730 excussit,

336 793 490 866 eumque
513 791 597 840 mox
625 763 672 840 ad
695 762 906 862 paucitatem
934 762 1159 838 multitudine
1195 762 1436 840 lacessendam
1463 760 1617 863 perduxit,

334 893 518 979 utilitatem
531 885 661 988 pudori
679 883 938 985 praeferendam
953 884 1165 984 significans.

362 1013 367 1035 “
464 1015 549 1086 Post
560 1007 692 1083 haecad
701 1006 896 1080 Olimarum
910 1031 1116 1105 processum
1130 1025 1192 1102 est,
1216 1015 1277 1107 qui
1295 1007 1523 1083 multitudinis
1544 1031 1617 1106 seg·

336 1139 419 1212 nitie
428 1136 591 1232 excipere
605 1131 745 1205 hostem
756 1155 866 1230 qnam
874 1127 1021 1228 aggredi
1039 1133 1280 1228 praeoptabam
1297 1137 1434 1232 quippe
1446 1130 1619 1206 Rutheuo-

335 1285 416 1332 rum
442 1256 580 1354 navigia
604 1256 837 1349 incomposita
859 1259 1049 1350 minusque
1064 1251 1116 1325 oie
1133 1253 1366 1353 granditatem
1387 1253 1434 1330 ad
1448 1259 1618 1354 rerru‘giun

335 1380 466 1454 habilia
483 1376 703 1453 videbantur.
747 1373 817 1446 Sed
830 1401 875 1448 ne
890 1383 920 1449 ei
936 1374 1081 1473 quidem
1096 1376 1355 1450 numerositatis
1371 1379 1529 1476 potentia
1542 1399 1618 1475 pro-

335 1504 410 1576 fuit.
464 1501 630 1574 tundata
649 1521 807 1594 namque
820 1497 1065 1573 Ruthenorum
1081 1497 1284 1590 multitudo,
1306 1500 1416 1596 copiis
1430 1524 1541 1598 quam
1556 1499 1619 1572 tir·

334 1641 407 1700 tute
428 1627 665 1723 praestantior,
690 1619 849 1718 robustae
871 1623 1056 1694 Danorum
1083 1623 1253 1719 paucitati
1277 1624 1459 1696 victoriam
1485 1619 1618 1694 tradidit.

334 1745 490 1840 Frotho,
507 1771 590 1820 cum
609 1745 759 1843 patriam
783 1757 943 1840 repetere
963 1741 1080 1836 uellet,
1104 1743 1302 1816 inauditum
1317 1745 1549 1844 navigationis
1559 1747 1618 1814 im·

334 1869 579 1970 pedimeutum
594 1882 757 1965 expertus
771 1881 832 1938 est.
884 1865 1028 1966 Quippe
1042 1867 1169 1942 crebra
1194 1863 1458 1942 interfectorum
1473 1887 1620 1964 corpora,

333 2017 400 2066 nee
425 1997 541 2066 minus
563 2005 747 2064 scutorum
768 1987 1023 2087 hastarumque
1039 1989 1236 2090 fragmenta
1256 1991 1410 2086 jactante
1434 2003 1524 2064 aestu
1547 1987 1619 2060 uui-

333 2141 478 2191 versum
499 2115 606 2188 maris
630 2127 889 2185 constraverunt
908 2115 1034 2186 sinum.
1101 2117 1226 2211 ltaque
1248 2129 1372 2210 portus
1393 2137 1469 2186 non
1497 2109 1620 2208 angtuti

333 2240 451 2314 mintrs
482 2232 702 2336 quam¹olidi
726 2249 835 2306 erant.
911 2238 1024 2334 igitur
1049 2235 1171 2308 mediis
1194 2234 1374 2308 obstrictae
1400 2231 1619 2310 cadaveribus

333 2363 470 2435 haesere
485 2381 640 2458 puppes.
696 2359 770 2430 Nec
785 2359 905 2453 putria
921 2358 1067 2455 quidem
1084 2383 1128 2432 ac
1142 2357 1348 2432 circumflua
1363 2383 1517 2456 corpora
1529 2355 1621 2428 remis
1700 2337 1701 2370 ¹

332 2483 475 2582 abigere
490 2496 552 2554 aut
573 2481 686 2554 contis
704 2477 907 2576 propellere
917 2497 1102 2578 poterant,
1126 2506 1201 2579 quo
1227 2486 1354 2572 minus,
1385 2506 1459 2554 uuo
1484 2477 1622 2562 sublato,

332 2630 415 2678 utos
443 2602 542 2678 aliud
564 2601 774 2676 aduolutum
797 2602 991 2700 impelleret
1013 2600 1173 2678 classem.
1216 2601 1356 2676 Bellum
1383 2627 1466 2676 cum
1490 2601 1622 2674 mortuis

333 2728 500 2802 obortum
520 2726 691 2800 crederes.
739 2733 881 2800 Novum
899 2743 1018 2798 conua
1035 2730 1210 2800 exanimes
1224 2724 1414 2798 discrimen
1433 2725 1582 2798 extabat.

461 2849 571 2950 Igitur
586 2850 731 2942 Frotho,
747 2855 958 2942 convocatis,
974 2873 1064 2947 quas
1080 2852 1220 2942 vicerat,
1240 2849 1415 2949 gentibus,
1437 2847 1519 2948 iege
1533 2843 1623 2928 eavit.

333 2989 383 3060 ut,
399 2973 559 3070 quisquis
572 2972 823 3068 paterfamilias
840 2997 885 3046 eo
899 2971 1100 3046 conciderat
1116 2971 1224 3064 bello,
1240 2997 1323 3046 cum
1331 2997 1428 3071 equo
1442 2967 1622 3044 omniinte-

332 3117 404 3190 que
419 3111 605 3168 moratura·
622 3087 696 3169 suae
715 3095 913 3196 insignibus
937 3093 1077 3170 tumulo
1092 3095 1328 3168 mandaretur.
1378 3097 1497 3188 Quem
1512 3095 1623 3188 siquis

330 3389 396 3473 leus]
427 3393 553 3488 Quoties
573 3415 666 3478 parra
693 3409 724 3459 et
747 3398 853 3481 exigua
881 3415 954 3460 con·
1010 3417 1062 3460 cos
1075 3409 1211 3461 mortuus
1231 3405 1320 3483 quam
1345 3396 1431 3460 viros
1451 3395 1624 3479 relinquere·

326 3493 492 3560 temnenda
512 3519 573 3561 non
597 3519 660 3564 esse
681 3501 839 3581 docemus,
881 3525 949 3564 usus
1008 3505 1151 3565 Monente
1172 3505 1212 3565 M.
1233 3501 1382 3586 Brynclio
1405 3501 1439 3564 in
1461 3503 1542 3566 notit
1564 3502 1624 3562 ste

330 3602 389 3665 erit
404 3603 493 3685 hujus
507 3605 678 3688 proverbii:
702 3612 745 3695 as
759 3635 862 3694 magro
877 3613 953 3674 skuli
1008 3605 1112 3693 phanii
1125 3607 1171 3670 his
1195 3607 1307 3692 adagiis
1327 3607 1551 3676 duolaiandica
1565 3617 1625 3670 eta·

329 3725 390 3770 mat
409 3711 511 3794 haffu.-
537 3735 573 3771 ee
595 3735 692 3773 renero
711 3721 797 3778 eamn
819 3723 949 3778 conuenit
1009 3727 1057 3776 cte
1072 3713 1273 3798 respondent3
1295 3713 1393 3800 priori
1415 3713 1492 3776 hoca
1515 3713 1624 3776 arialdus

328 3819 449 3876 esurt'em
468 3820 599 3887 sotim,
631 3837 686 3879 nec
705 3841 824 3906 semper
846 3823 947 3907 opima
998 3823 1185 3904 fittnarhinn
1185 3823 1297 3906 salinae
1305 3817 1468 3904 posteriori
1476 3816 1623 3882 nerotekie

328 3919 508 4004 ”pinguim
520 3919 678 4004 flagitante
693 3926 882 4007 potissimum
896 3947 948 3989 ne-
1008 3927 1159 4010 biturped
1173 3934 1184 3990 ι’
1198 3929 1264 4010 belg
1273 3931 1391 4010 legger,
1406 3923 1491 4010 quod
1507 3923 1547 3986 sd
1563 3941 1623 3985 rer·

328 4026 477 4103 munte,
491 4027 689 4112 exspectanda
698 4030 752 4108 (tt.
761 4031 948 4113 Brynolsus).
1008 4030 1079 4094 bum
1100 4033 1141 4094 ita
1163 4031 1305 4096 vertitur:
1330 4031 1362 4093 id
1383 4030 1467 4116 quod
1485 4032 1516 4093 in
1540 4047 1623 4092 sacco
1698 4057 1699 4086 i

1007 4137 1097 4219 jacet,
1116 4159 1177 4200 non
1193 4137 1323 4214 mordet,
1337 4159 1408 4222 qnae
1422 4135 1545 4220 quidem
1561 4155 1623 4196 rer·

374 4243 383 4276 ¹
395 4243 476 4301 Raro
490 4245 674 4326 pinguescet,
687 4245 740 4323 qai
754 4241 843 4304 cadit.
887 4247 947 4306 Ne·
992 4243 1045 4306 ‚ba
1057 4263 1176 4308 sensum
1188 4243 1280 4328 longa
1301 4243 1542 4306 comodum·
1561 4239 1624 4302 i'ttu·

326 4365 380 4428 que
394 4349 468 4406 entur
487 4346 639 4408 rnnrkndi
656 4363 839 4432 potensest,
866 4371 946 4432 quem
1007 4348 1093 4427 dunt,
1111 4347 1202 4434 quain
1225 4371 1269 4428 ea,
1292 4369 1360 4435 qnae
1384 4353 1464 4416 Saxo
1480 4347 1519 4410 tie
1545 4357 1624 4412 roto

325 4465 428 4512 umens
447 4457 630 4537 occupaverit
642 4449 745 4536 solio]
777 4457 946 4538 Utrumque
1007 4453 1082 4516 folle
1105 4454 1218 4518 attuiit.
1273 4455 1405 4518 Videtur·
1423 4454 1525 4539 itaque
1549 4457 1625 4518 sno

292 4638 296 4650 .
326 4551 466 4636 adagium
477 4555 604 4618 eurrdem
617 4556 735 4640 prabet
747 4577 877 4640 sensum,
889 4559 945 4622 sei·
1007 4560 1067 4622 hoc
1083 4562 1151 4624 ioco
1163 4559 1359 4646 proverbium
1378 4557 1527 4624 &nicam
1548 4555 1625 4620 haud

328 4659 415 4736 iicet,
445 4659 599 4724 inimicum
624 4675 688 4725 tum
713 4661 849 4740 dentum,
877 4685 946 4728 cum
1006 4669 1235 4745 antevenisse,
1256 4666 1449 4732 domnum
1462 4667 1538 4747 deig»
1559 4683 1625 4748 ΨΜ

326 4762 490 4826 exstinctus
502 4765 604 4842 fuerit,
620 4787 679 4828 nen
690 4787 755 4830 esse
766 4769 949 4849 timendnme
1007 4785 1038 4836 et
1060 4793 1179 4841 saecum
1204 4786 1235 4836 et
1260 4770 1369 4838 follem
1388 4771 1530 4847 denota,
1572 4789 1625 4856 par

327 4866 561 4952 proinde-igitur
576 4871 675 4956 satias,
688 4885 751 4936 usse
774 4875 830 4938 hoa
848 4875 948 4938 inimi·
1008 4877 1243 4943 iniicnetastum
1268 4880 1361 4948 latine
1376 4877 1566 4965 expresserii·
