3446 5458
644 327 832 402 FROTHO
854 331 909 402 lll.
1306 332 1377 408 187

117 561 254 637 pugnae
277 535 531 636 pudoremque
547 536 688 637 trepido
713 537 944 614 fluctuatione
970 561 1176 638 suspensus.
1235 545 1283 614 lta
1305 545 1427 620 Wnst-

119 683 247 750 merus
278 656 326 732 ad
354 657 627 758 proecordialem
658 660 789 760 puellae
821 661 1028 736 sententiam
1056 659 1270 762 relegetus¹,
1313 671 1428 742 sciens

118 781 308 855 foeminam
332 785 477 856 omnem
502 799 542 857 ut
564 781 734 858 volubilis
755 785 884 872 animi,
911 787 963 858 ita·
982 781 1121 858 versilis
1136 807 1215 860 esse
1240 792 1428 888 propositi,

117 919 218 978 tauto
233 929 312 978 rem
328 901 496 980 fidentius
510 907 640 1004 exequi
657 907 779 1004 eoepit,
805 918 942 1003 quanto
959 905 1138 1005 virginum
1152 913 1245 982 votis
1260 909 1343 1008 pins
1359 937 1429 986 re-

117 1027 255 1100 rieietis
268 1029 384 1100 inesse
400 1039 627 1126 compertum
639 1025 780 1101 babuit,
833 1030 937 1100 Auxit
950 1051 1048 1102 curse
1065 1029 1145 1126 ejus
1159 1029 1327 1107 fiduciam
1340 1033 1429 1108 ad·

116 1149 280 1248 jecitqne
300 1147 421 1225 studio
445 1175 548 1250 spem
564 1149 777 1248 simplicitas
800 1150 943 1248 virginis
969 1156 1120 1248 proprio
1145 1156 1319 1250 permissa
1335 1181 1429 1230 con-

117 1267 219 1362 silio,
243 1269 465 1371 libmtssque
486 1273 646 1346 loeminae
672 1270 901 1371 politioribus
926 1269 1181 1348 blanditiarum
1195 1275 1430 1358 delinimentis

117 1391 325 1494 palpanda,
358 1394 561 1469 norimodo
583 1394 716 1468 ubdn‘oi
740 1391 865 1486 facilis,
890 1417 1016 1469 rernm
1031 1398 1137 1470 etism
1153 1397 1308 1499 obsequi
1325 1425 1427 1501 prse-

116 1539 219 1614 ceps.
279 1520 381 1592 Peter
408 1543 514 1609 vero,
537 1525 614 1616 quo
630 1523 760 1592 certius
781 1515 864 1592 filice
884 1533 1037 1590 mentem
1057 1521 1265 1616 inspiceret,
1291 1521 1429 1623 legatos

117 1638 296 1738 subsequi
311 1645 432 1738 coepit.
468 1639 545 1733 illo,
559 1643 661 1739 psius
675 1643 712 1714 in
730 1665 891 1716 emerem
907 1645 1010 1740 proci
1025 1636 1148 1714 latenti
1162 1648 1317 1739 potionis
1332 1671 1428 1746 ops-

118 1765 259 1836 ratione
272 1759 460 1861 perducta,
472 1761 577 1862 plura
594 1788 634 1838 se
649 1763 695 1838 de
708 1763 899 1839 Frotbonis
916 1760 1039 1836 indole
1053 1761 1233 1838 referebat
1248 1784 1312 1866 spe
1329 1791 1430 1866 prse-

120 1887 322 1982 sumpsisse
340 1909 450 1984 qnum
464 1885 581 1977 same,
607 1889 747 1985 quippe
769 1893 930 1986 quomis
946 1883 1133 1960 sh-ittuurt
1147 1911 1263 1985 genus
1281 1908 1430 1989 patente

119 2005 274 2098 (luerit,
290 2005 489 2106 naturaque
512 2014 720 2084 omnissnre
734 2009 846 2082 soleat
859 2011 989 2108 origini
1005 2009 1235 2106 respondere.
1263 2049 1265 2057 ¹
1286 2015 1429 2106 Quen-

120 2128 251 2204 obrem
273 2132 443 2230 juvenem
465 2130 536 2204 sibi
559 2156 632 2204 non
653 2147 724 2204 tam
749 2132 934 2230 paesentis
966 2157 1079 2230 quum
1096 2131 1208 2206 firmri
1227 2134 1431 2234 splendoris

121 2255 253 2328 iutuitu
267 2253 454 2354 placuisse.
512 2253 651 2346 Quibus
665 2253 795 2328 auditis
810 2251 1048 2328 mirabundus
1069 2255 1264 2350 parmasu
1277 2283 1324 2332 nc
1338 2283 1429 2357 per·

122 2376 271 2450 missum
294 2373 443 2474 quidem
462 2374 594 2473 puelle
620 2375 799 2450 licentiam
828 2375 1032 2450 rescindere
1053 2400 1202 2476 passus,
1240 2379 1431 2459 Frotbcuis

121 2523 204 2570 eam
220 2499 397 2596 conjugio
413 2496 617 2596 pollicetur.
678 2501 797 2591 Quam
822 2497 1076 2598 postmodum,
1109 2502 1262 2597 pmrisis
1284 2481 1431 2576 abunde

123 2619 405 2710 commeatibus,
429 2619 572 2706 tullens,
587 2619 780 2718 magnifico
795 2645 914 2696 rerum
942 2637 1139 2720 apparatu,
1171 2627 1431 2722 consequenti·

123 2743 252 2817 busse
271 2740 405 2843 legetis,
429 2746 583 2817 Daniem
605 2741 704 2816 adire
728 2741 965 2843 deproperet,
989 2744 1117 2834 sciens,
1135 2745 1314 2820 neminem
1329 2763 1432 2845 pane

123 2865 252 2940 u'seiim
266 2863 376 2938 filiam
390 2867 524 2964 nuptiis
540 2865 758 2944 oblaturum.
780 2865 917 2940 Frotlro
931 2868 1024 2940 sicut
1038 2864 1429 2968 jucundissimsspon-

124 3015 203 3064 sam
217 2993 369 3087 excepit,
385 2988 433 3060 ita
448 2987 558 3062 futuri
575 2995 726 3089 quoque
739 2994 853 3064 soceri
871 2991 1094 3088 majestatem
1112 2989 1430 3089 amplisslns'sbo-
1462 2985 1467 2992 ’

125 3303 215 3388 hujus
244 3301 443 3380 narrationis,
483 3301 617 3388 quisquis
645 3301 748 3384 inerit,
811 3305 971 3384 vicensem,
995 3301 1102 3382 idest,
1123 3297 1262 3387 queme‘x
1283 3301 1431 3386 penitissi-

125 3408 296 3472 constitisse
325 3389 474 3484 arbitror,
501 3405 554 3469 sed
581 3407 619 3470 sd
650 3428 749 3500 mores
809 3411 864 3472 mis
878 3395 979 3473 cordis
1000 3405 1166 3470 recessibus
1191 3405 1303 3469 dilexit.
1335 3409 1432 3471 Cese-

125 3513 251 3600 respicit
270 3511 440 3598 priscorum
455 3511 646 3584 Boreelinm,
673 3535 748 3598 quos
807 3517 871 3579 rius
895 3501 1153 3580 Heisterbscensis
1178 3512 1232 3576 lib.
1268 3513 1337 3579 vlt!
1365 3531 1432 3598 oap.

125 3623 207 3686 solos
227 3621 308 3684 saxo
327 3617 520 3706 sntiqnnrnm
543 3619 666 3682 nominc
692 3640 750 3702 po·
810 3621 865 3685 132
887 3625 1006 3684 Seruum
1022 3642 1105 3682 saum
1123 3621 1306 3707 amplexatus
1322 3617 1381 3691 aer,
1402 3637 1432 3683 et

128 3727 186 3792 tuit
195 3725 361 3808 linslgnire.
419 3727 498 3788 Num
524 3743 593 3788 vers
617 3725 657 3788 sit
683 3724 749 3788 hott
809 3747 948 3812 tnrtqunm
964 3728 1183 3814 proecordr'olam
1203 3728 1260 3788 st'bt‘
1276 3730 1310 3790 t'rt
1326 3743 1432 3793 maso

127 3833 317 3908 observatio,
351 3829 433 3894 inira
465 3828 693 3915 disquirendum
719 3830 750 3892 in
798 3833 1023 3920 sanuliarr'tatis
1044 3838 1159 3916 signum
1180 3857 1243 3894 cum
1270 3831 1313 3894 ad
1327 3849 1432 3918 pectus

127 3940 196 4004 nisi
210 3941 314 4023 legum
329 3937 518 4002 eFrotboue
532 3937 701 4000 latarum·
809 3965 892 4005 mum
907 3939 1082 4004 astruendo
1099 3941 1227 4000 terserit.
1275 3936 1326 4000 Sic
1347 3939 1434 4000 lieu·

173 4045 475 4132 'Adpracordt'oiem
488 4045 596 4131 puelle
614 4046 751 4106 sentcnti-
809 4047 888 4108 ricus
914 4047 941 4110 li
964 4043 1136 4130 Anglorttttt
1154 4045 1220 4108 Rex
1244 4040 1432 4107 liudericum

129 4175 173 4216 ara
194 4147 357 4234 relegatus]
371 4153 549 4218 Westmaro
572 4145 753 4232 injunctum,
810 4149 1004 4216 Ceseremin
1016 4146 1345 4236 epistolequndamsus
1353 4170 1433 4234 pro·

129 4272 160 4322 nt
179 4259 247 4343 ipse
267 4268 455 4322 mentemst
479 4255 657 4320 interiorem
687 4253 750 4317 sni·
809 4259 965 4319 cordulam
978 4261 1209 4330 cambumrocst,
1224 4263 1349 4314 notante
1363 4251 1433 4316 Job.

130 4385 210 4428 munt
222 4365 339 4450 puellae
359 4365 543 4448 exploraret.
592 4363 641 4426 Eo
660 4381 749 4425 sensu
807 4363 913 4428 leeco
938 4362 1023 4426 Ceut.
1044 4356 1066 4422 3
1084 4357 1197 4444 Script.
1210 4357 1328 4424 Britan.
1350 4358 1432 4424 Hinc

128 4469 283 4536 vocatae
295 4469 399 4536 solens
418 4470 514 4532 utitur
535 4471 616 4532 Saxo
637 4480 750 4530 noster.
808 4472 861 4530 Iro
876 4465 1069 4532 carnotensis
1078 4465 1314 4552 precordialiter
1330 4466 1434 4548 diiq'qe·

130 4577 179 4642 Sic
204 4561 435 4666 ¹praecordiales·
481 4580 602 4638 umectam
652 4573 751 4636 tbso-
808 4599 838 4636 rc
854 4572 937 4650 dicit,
961 4570 1059 4656 Epist.
1077 4571 1186 4648 cul,
1206 4585 1237 4636 et
1252 4576 1432 4661 pmcordic·

132 4682 208 4746 lonis
237 4682 467 4767 Arcbiepiscopi
493 4681 573 4744 inira
601 4680 665 4774 lib„
691 4683 750 4748 XV
807 4682 874 4742 liter
892 4681 1008 4751 dolere,
1022 4679 1120 4764 Epist.
1139 4679 1232 4748 CXV.
1253 4676 1302 4760 (ὃ)
1353 4717 1357 4726 ,

134 4788 265 4852 nominet
276 4788 475 4868 Fridericum,
489 4790 664 4872 episcopum
672 4788 751 4850 Sies-
