3520 5462
364 327 433 396 102
721 289 895 395 mssos.
911 323 1016 394 usn.
1031 321 1167 392 suun
1183 325 1222 392 n.

443 531 618 605 Artuillas
632 530 770 604 dextrce
784 531 983 632 excussant,
1004 527 1224 631 quosortt'us
1246 527 1338 606 icus

358 727 363 741 ,
446 653 642 726 Collibrare
655 667 793 754 queant
803 668 838 726 et
848 652 1145 752 omarumfigcre
1159 653 1301 726 uulnus.

443 779 559 848 Nemo
572 775 700 876 podem
714 774 877 872 reserat!
896 777 1068 850 Certatim
1082 776 1229 876 quisque
1246 775 1361 850 subs're

425 895 601 974 'Hostiles
621 896 922 997 studeatgludros
946 897 1338 997 hastasquenu’uuccs,

447 1027 495 1095 Ut
505 1048 632 1095 curum
649 1023 865 1094 ulciscamur
875 1019 1009 1096 lterum
1061 1024 1179 1121 Super
1194 1019 1442 1118 ommafclt'c,

446 1145 519 1244 Qui
530 1160 632 1217 tauto
647 1144 774 1216 sceleri
784 1141 986 1218 vindictum
1002 1142 1204 1245 impendere
1211 1143 1330 1244 possit

444 1270 492 1337 Et
490 1265 678 1362 standum
682 1265 785 1366 justo
793 1266 928 1368 puuz'su
926 1265 1084 1368 piaculo
1087 1263 1208 1362 ferro.

443 1391 535 1460 Ecce
547 1387 638 1462 uu'bi
648 1389 776 1464 uz'dcor
792 1413 938 1462 ceruum
946 1401 1160 1490 penetrasse
1161 1384 1349 1482 ferocem¹

364 1703 464 1764 'Ecce
492 1703 564 1766 milti
584 1705 685 1766 ot'deor
709 1724 822 1768 ceruum
845 1723 933 1790 pcne-

313 1821 407 1867 trasse
415 1803 560 1890 ferocem]
580 1811 614 1868 la
628 1806 760 1872 editione
776 1803 935 1888 Stephanii

311 1907 423 1972 mendo
444 1911 665 1998 typographico
679 1913 790 1998 legitur
812 1936 936 1984 corvum,

312 2009 506 2080 Manifestum
527 2028 572 2080 est
591 2017 638 2080 his
651 2017 751 2104 verbis
773 2019 869 2082 inesse
891 2019 935 2080 al·

312 2119 460 2184 lusionem
474 2120 511 2184 ad
526 2143 638 2188 nomen
653 2123 819 2204 Hiartvari,
846 2122 934 2208 cujus

311 2225 410 2308 psius
434 2227 547 2310 syllaba
569 2229 602 2291 iu
624 2230 732 2316 linguis
759 2229 933 2297 borealibus

311 2330 461 2416 significat
483 2353 615 2398 cervum.
667 2338 714 2401 Ex
742 2336 790 2400 his
811 2353 934 2422 quoque

311 2435 411 2502 verbis
419 2448 504 2522 patet
517 2440 564 2505 vel
578 2439 692 2526 aliquid
703 2441 753 2506 hie
765 2439 867 2509 deesse
881 2441 931 2505 vel

310 2540 449 2606 ordinem
472 2546 690 2610 versiculorum
714 2547 765 2610 hic
786 2567 849 2612 esse
866 2559 930 2610 tur·

310 2646 424 2711 batum.
466 2651 628 2749 Quomodo
646 2651 726 2718 enim
740 2652 862 2732 Biarco,
877 2651 930 2736 qui

311 2751 435 2816 domum
449 2777 533 2818 suam
541 2753 676 2822 nondum
688 2757 862 2842 reliquerat,
883 2755 927 2818 di-

310 2878 379 2924 cere
398 2862 500 2946 potuit
526 2881 558 2926 se
585 2861 765 2932 transfixisse
788 2862 931 2929 Hiartvs·

309 2965 400 3029 rum?
427 2953 581 3029 Praeterea
594 2979 679 3052 patet
694 2987 729 3028 ex
741 2967 801 3032 line
813 2985 929 3030 sermo·

274 3097 276 3108 ·
309 3071 365 3149 nis,
387 3070 530 3134 eumhaec
543 3073 786 3156 loquentemnon
799 3072 930 3138 intrata-

309 3194 357 3238 res
370 3197 449 3255 suos,
465 3175 519 3238 sed
541 3175 604 3260 jam
618 3177 650 3238 in
666 3177 772 3240 mediis
793 3177 931 3242 hostibus

308 3280 431 3360 versati,
453 3283 625 3366 multosque
644 3281 707 3368 jam
724 3283 933 3369 prostravisse.

309 3385 390 3450 Hinc
403 3385 496 3472 igitur
511 3387 728 3470 concludimus,
747 3388 806 3452 duo
823 3388 930 3454 mami-

308 3513 346 3554 ιιι
361 3489 399 3554 de
414 3504 513 3558 morte
525 3494 673 3560 Rolvonis
695 3495 757 3558 sive
772 3494 876 3578 potius
892 3491 929 3555 de

307 3597 459 3682 pugilibus
469 3599 617 3662 Rolsonis
626 3600 676 3661 hic
684 3599 841 3678 confundi,
854 3619 929 3684 quo·

307 3723 374 3764 rum
390 3723 482 3765 unum
504 3703 541 3765 de
563 3705 773 3770 exhortatione
790 3705 929 3791 pugilum

306 3807 477 3873 diverbiuns
490 3807 674 3874 continuerit
689 3812 841 3876 llisltonis
859 3831 928 3874 cum

305 3914 470 3992 Biascout,
497 3915 625 3978 alterum
652 3935 723 3978 vero
756 3916 794 3978 de
816 3917 929 3980 virtute

304 4020 443 4104 pugilum
466 4020 620 4104 colloquio
650 4022 821 4084 eonstiterit
846 4021 927 4084 iuter

306 4125 491 4203 multonem,
502 4125 683 4188 Bisrconem
697 4132 855 4206 efflatam,
871 4131 924 4214 Sa·

304 4252 414 4294 sonem
429 4245 529 4295 autem
545 4251 667 4294 carmen
682 4245 842 4320 utrumque
858 4234 926 4318 jun·

304 4339 389 4401 iisse.
467 4339 599 4423 Egregie
640 4337 779 4400 firmetur
823 4338 924 4401 haecee

305 4442 409 4525 opinio
432 4444 606 4508 testimonio
636 4444 771 4508 historice
801 4443 926 4506 islandi-

305 4564 349 4608 cae
366 4547 403 4609 de
420 4551 569 4631 Rusone,
595 4553 679 4636 cujus
693 4565 791 4630 autor,
820 4549 924 4614 ultima

306 4651 384 4735 segis
411 4651 473 4714 fata
501 4659 648 4740 prolixius
676 4676 836 4732 enarrans,
880 4651 926 4715 di-

304 4757 410 4820 stinxit
427 4757 511 4842 prius
530 4761 724 4846 colloquium,
745 4759 828 4846 quod
838 4759 924 4822 Bias·-

304 4885 432 4928 cocum
460 4866 604 4928 Hialtone
631 4865 745 4946 habuit,
773 4885 851 4950 quo,
883 4865 920 4928 ad

991 1719 1126 1784 pugnam
1144 1716 1176 1762 se
1191 1697 1273 1760 lente
1295 1707 1326 1760 et
1348 1693 1413 1758 lere
1436 1691 1550 1762 insitus
1570 1712 1619 1758 ae·

994 1802 1127 1888 cingens,
1149 1801 1285 1867 facinora
1298 1823 1350 1872 sua
1366 1798 1529 1880 sumserit,
1550 1817 1620 1888 cap.

992 1903 1099 1988 ‘to-50,
1120 1921 1151 1972 et
1168 1888 1308 1972 ultimum
1326 1905 1382 1970 sub
1403 1904 1495 1968 linem
1511 1904 1621 1993 proelii

993 2016 1142 2095 habitum,
1158 2034 1224 2101 sap.
1244 2009 1295 2076 51.
1334 2015 1382 2074 Ex
1400 2021 1532 2100 utroque
1553 2009 1620 2074 col·

993 2123 1098 2206 loquio
1131 2101 1304 2186 afferuntur
1333 2116 1499 2196 nonnulla,
1547 2136 1618 2202 quae

990 2229 1091 2293 omnia
1115 2245 1184 2292 eum
1206 2223 1306 2291 verbis
1335 2220 1511 2286 Sexouiauis
1538 2219 1620 2286 bene

990 2333 1184 2398 conveniunt.
1231 2333 1278 2394 Ex
1302 2329 1357 2392 illo
1382 2345 1505 2418 quoque
1528 2323 1620 2390 fonte

965 2501 967 2506 ,
990 2439 1130 2502 discimus
1153 2457 1285 2514 causam,
1307 2454 1360 2498 eur
1381 2434 1492 2498 Bisreo
1516 2443 1621 2500 tenta

988 2546 1021 2608 in
1050 2543 1140 2608 armis
1174 2539 1327 2626 capiendis
1349 2549 1487 2608 necteret
1515 2557 1621 2606 moret

989 2647 1064 2736 (vid.
1088 2661 1152 2712 not.
1173 2647 1247 2728 uh.).
1272 2651 1339 2732 ipsa
1353 2645 1420 2710 base
1440 2643 1533 2713 verbs
1554 2669 1619 2710 eccs

988 2759 1060 2818 mibi
1081 2757 1181 2818 uidcor
1206 2777 1318 2817 semum
1339 2769 1511 2843 penetrasse
1525 2752 1618 2840 sero·

987 2867 1045 2927 seba
1073 2880 1108 2922 ex
1132 2857 1305 2920 narratione
1328 2855 1476 2922 islandice
1501 2878 1619 2928 aorem

986 2967 1084 3028 lucem
1106 2975 1291 3026 mutuantur.
1353 2962 1472 3030 Iuvenis
1494 2960 1549 3026 ille
1569 2981 1622 3030 seu

986 3072 1063 3156 gius,
1092 3070 1177 3154 cujus
1205 3067 1286 3135 intra
1308 3065 1479 3154 praecordis
1497 3065 1620 3132 ferrum

987 3175 1097 3239 Bisreo
1128 3195 1208 3250 nuno
1236 3193 1267 3236 se
1290 3173 1404 3240 misisse
1433 3172 1621 3256 insequen-

987 3279 1070 3344 tibus
1087 3281 1248 3366 gloriatur‚
1268 3279 1317 3341 'vix
1331 3267 1408 3342 alius
1422 3297 1486 3345 esse
1498 3289 1620 3366 potest,

987 3407 1077 3470 piam
1095 3383 1482 3464 innotescentem,
1507 3385 1620 3450 Hiert-

987 3511 1086 3570 vsrus,
1102 3511 1191 3576 quem
1208 3510 1279 3556 ense
1293 3503 1517 3574 penetraverat.
1544 3495 1622 3560 Jam

984 3616 1058 3659 vero
1085 3595 1239 3682 quomodo
1260 3596 1292 3659 in
1323 3597 1382 3660 boe
1402 3594 1519 3665 sactum
1540 3619 1620 3684 qus-

985 3700 1076 3764 drant
1092 3701 1185 3766 verba
1220 3706 1292 3764 mt'ln'
1314 3705 1427 3774 uidcor,
1455 3723 1527 3788 quae
1541 3717 1620 3772 sunt

985 3807 1171 3870 dubitantis?
1198 3811 1246 3870 De
1269 3827 1409 3891 persona,
1423 3829 1516 3892 quam
1530 3811 1618 3875 oeci·

984 3912 1095 3990 disset,
1127 3911 1207 3977 haud
1226 3911 1400 3992 dubitabam
1434 3935 1503 3979 nam
1530 3915 1619 3985 iufra

983 4019 1112 4081 eundem
1131 4030 1270 4082 accurate
1288 4017 1441 4082 describit.
1482 4021 1619 4090 Dubitn.

981 4124 1035 4186 bat
1049 4125 1153 4208 igitur,
1172 4145 1247 4185 num
1264 4143 1333 4186 sere
1353 4124 1446 4186 vitam
1460 4125 1526 4210 ejus
1541 4147 1618 4192 ense

984 4251 1039 4292 suo
1062 4229 1225 4308 hausisset,
1252 4243 1282 4292 et
1311 4232 1423 4313 justam
1450 4228 1619 4300 dubitandi

985 4336 1141 4398 materiem
1156 4333 1304 4398 discemus
1329 4355 1364 4398 ex
1381 4335 1556 4404 narratione
1571 4342 1619 4404 Is-

983 4440 1112 4518 landica,
1128 4443 1160 4502 in
1177 4463 1236 4526 qua
1250 4441 1361 4504 Bierco
1377 4439 1531 4512 inducitur
1542 4442 1619 4509 haec

983 4547 1075 4610 verba
1100 4546 1279 4632 profereuss
1304 4553 1499 4612 Hebrtuarum
1525 4553 1618 4613 initio

981 4679 1090 4740 pugnsu
1112 4657 1223 4716 obtuitus
1236 4655 1309 4716 mati
1331 4655 1435 4727 laban
1461 4663 1618 4719 commi-

982 4785 1046 4822 mus
1066 4762 1161 4831 untho,
1182 4765 1257 4822 ectus
1279 4764 1398 4822 mercem
1427 4761 1615 4844 olt'guomdt'u

980 4871 1160 4928 intentantes.
1217 4867 1273 4928 Illo
1294 4881 1392 4929 autem
1413 4865 1518 4928 subtus
1536 4868 1619 4930 mt'lu‘
