3548 5470
358 289 408 366 to
538 369 541 380 ,
685 291 861 364 fflsron.
887 291 993 364 ortt.
1018 237 1165 364 umen
1184 293 1208 362 t.

305 503 508 604 oppidanis,
533 527 665 578 vacuos
686 499 941 578 defensoribus
954 517 1079 600 portas
1100 501 1336 604 reliquerim
1395 499 1555 578 Adortus
1570 505 1620 576 ci-

307 631 451 700 vitatem
481 625 747 700 Handuvanum
768 629 874 724 cepi,
906 625 1015 724 eique
1037 622 1294 725 redemptionis
1321 629 1467 703 nomine
1488 649 1621 724 corpus

305 775 413 824 suum
428 775 517 824 auro
535 746 760 848 rependendi
778 762 994 845 potestatem
1020 745 1124 838 fecit,
1149 773 1309 850 cumque
1330 749 1472 824 hostem
1494 745 1622 822 tollere

184 879 190 890 '
306 873 447 962 liceret,
470 873 596 972 spiritu
621 869 759 945 donare
783 868 926 964 malnit;
954 870 1047 946 adeo
1075 872 1248 948 saevitinm
1273 870 1460 947 elementia
1484 887 1620 968 tempe·

305 995 420 1070 rabat.
763 964 772 1008 ⁸

409 1121 494 1190 Post
508 1114 587 1190 boec
601 1114 716 1190 multo
738 1113 971 1192 Orientalium
995 1117 1133 1193 robore
1153 1113 1358 1206 debellato,
1383 1115 1540 1190 Svetiam
1564 1138 1620 1188 re·

308 1267 450 1332 versus,
476 1236 739 1338 Svibdagerum
759 1236 864 1336 apud
894 1237 1137 1318 Gndlandiam
1162 1243 1293 1342 ingenti
1323 1236 1438 1315 classe
1468 1235 1621 1310 obvium

306 1387 429 1464 pugne
443 1359 591 1435 adortus
608 1359 799 1458 oppressit.
841 1362 974 1460 Sieque
988 1387 1061 1436 non
1075 1361 1195 1442 solnm
1210 1342 1414 1439 exterorum
1431 1357 1620 1443 manubiis,

307 1485 552 1560 verumetiam
569 1497 727 1580 paternae
740 1482 981 1583 fraterneque
997 1485 1163 1562 vindictoe
1181 1487 1326 1586 tropaeis
1340 1485 1388 1560 nd
1405 1488 1620 1558 eminentem

304 1607 472 1684 claritatis
494 1604 649 1707 gradum
664 1607 878 1704 pr'ovectus,
902 1606 1008 1682 exilio
1033 1635 1186 1709 regnum
1208 1614 1370 1701 mutavit,
1395 1611 1452 1684 cni
1466 1607 1620 1707 patriam

306 1757 378 1808 non
393 1745 474 1804 ante
496 1743 659 1828 repetere
681 1751 792 1827 quam
807 1755 934 1830 regere
956 1736 1113 1832 contigit.

408 1855 462 1924 Ea
494 1866 705 1950 tempestate
738 1877 822 1926 cum
853 1851 1006 1930 Othinus
1040 1855 1209 1955 quidam¹
1246 1858 1395 1956 Europa
1422 1867 1497 1928 tota
1526 1848 1620 1924 laiso

305 1976 496 2050 divinitatis
519 1973 623 2048 titulo
644 1991 862 2067 censeretur,
883 1977 984 2076 apud
998 1979 1169 2079 Upsolam
1192 1993 1312 2054 tamen
1326 1977 1549 2052 crebriorem
1566 1971 1620 2046 di·

306 2096 469 2172 versandi
489 2121 594 2172 usum
609 2095 790 2190 habebat,
808 2079 1053 2200 eamqne'sive
1072 2101 1124 2178 ob
1138 2100 1337 2176 incolarum
1363 2101 1526 2174 inertiam
1542 2095 1620 2168 sive

305 2221 469 2294 locorum
495 2225 737 2294 amoenitatem
752 2221 923 2322 singulari
940 2222 1100 2322 quadam
1117 2222 1347 2300 habitationis
1361 2216 1621 2298 consuetudine

304 2343 531 2444 dignabatur.
570 2345 685 2442 Cujus
702 2369 835 2418 numen
852 2346 1108 2444 septentrionis
1129 2373 1232 2450 reges
1256 2345 1493 2446 propensiore
1516 2339 1619 2416 cultu
1653 2403 1657 2414 .

305 2471 477 2566 prosequi
502 2467 708 2566 cupientes,
740 2467 896 2568 effigiem
925 2471 1040 2568 ipsius
1068 2493 1180 2544 aureo
1204 2466 1383 2568 complexi
1412 2463 1619 2551 simulacro,

304 2605 458 2664 statuam
476 2613 551 2662 snae
568 2587 782 2690 dignationis
797 2569 973 2663 indicem²
993 2596 1145 2666 maxima
1170 2617 1252 2669 cunt
1278 2589 1460 2692 religionis
1474 2584 1619 2664 simula·

305 2717 401 2786 tione
425 2715 636 2812 Byzantium
667 2712 955 2802 transmiserunt,
988 2715 1094 2812 cnjus
1118 2717 1225 2788 etiarn
1250 2713 1486 2791 brachiorum
1509 2708 1620 2784 linen-

304 2851 422 2908 menta
453 2834 712 2908 confertissimo
738 2834 959 2910 armillarum
974 2834 1157 2934 pondere³
1185 2835 1483 2940 perstringebant
1553 2827 1619 2904 tlte

304 2971 401 3030 tanta
425 2960 478 3028 sui
503 2953 712 3033 celebritate
725 2957 893 3054 gavisus,
918 2960 1130 3034 mittentium
1155 2961 1342 3051 ‘ceritatem
1371 2955 1505 3060 cupide
1533 2981 1618 3032 exo-

215 3149 219 3156 .
303 3077 461 3152 sculatus
479 3091 541 3150 est.
602 3077 715 3175 Cujus
733 3080 891 3177 conjunx
914 3083 1063 3180 Frigga,
1087 3107 1164 3180 quo
1187 3081 1317 3157 cultior
1341 3077 1514 3182 progredi
1529 3103 1617 3179 pos·

304 3215 369 3290 set,
394 3199 512 3272 ascitis
530 3196 661 3290 fabris,
683 3223 812 3274 aurum
833 3217 959 3276 statuae
982 3201 1245 3280 detrabendum
1269 3207 1417 3280 curavit.
1475 3201 1620 3296 Quibus

190 3411 194 3422 Ι
304 3320 458 3397 Othinus
486 3318 684 3420 suspendio
716 3327 940 3424 consumptis
963 3341 1118 3398 statuam
1150 3328 1186 3400 in
1208 3327 1392 3427 crepidine
1414 3321 1621 3413 collocavit,
1760 3363 1761 3388 ι

304 3469 415 3543 quam
432 3447 537 3518 etiam
552 3449 641 3517 mira
659 3453 743 3522 ortis
758 3445 930 3520 industria
943 3445 990 3520 nd
1013 3445 1191 3522 humanos
1216 3465 1330 3524 tactus
1356 3446 1519 3524 vocalem
1533 3443 1621 3520 red-

303 3563 402 3640 didit.
462 3571 507 3642 At
530 3567 760 3644 nibilominus
791 3571 935 3670 Friggn,
958 3567 1077 3670 cultus
1097 3575 1152 3646 sui
1176 3572 1328 3645 nitorem
1349 3570 1478 3646 divinis
1501 3573 1617 3642 meriti

350 3816 502 3877 ’Otlu'rtns
531 3811 662 3899 puidam]
685 3818 760 3879 Cttm
787 3819 869 3882 Ssxo
897 3819 929 3880 in
989 3821 1086 3882 lemno
1098 3821 1417 3906 dottorficesnseeptus
1430 3816 1481 3878 dt‘n
1495 3819 1526 3878 in
1540 3839 1619 3878 snm-

304 3921 428 3982 historia
451 3917 585 4004 Hadingi
606 3920 731 4001 oehieri,
768 3943 823 3985 oen
850 3945 931 4008 prae·
988 3949 1036 3989 mo
1049 3927 1220 4010 dignatione
1238 3930 1317 4012 regis
1327 3929 1411 3990 neat.
1434 3919 1485 4005 (8)

302 4027 469 4113 stigietoris
484 4027 653 4105 monoculi,
675 4029 861 4094 mentionem
883 4031 928 4094 so·
1033 4033 1277 4117 ’Conserrbrtino
1285 4034 1466 4096 erudierunt
1471 4025 1621 4117 pondere]

302 4135 402 4213 nisset,
416 4133 488 4198 binc
502 4131 691 4198 occasionem
706 4135 835 4220 erripuit
849 4158 925 4200 non·
987 4142 1123 4204 Deorum
1161 4139 1308 4224 imagines
1339 4135 1372 4200 in
1404 4134 1619 4220 septentrione

304 4242 385 4303 nulla
407 4261 522 4318 eorum,
543 4261 613 4328 qun
633 4239 672 4304 do
692 4239 782 4304 rebus
796 4243 926 4304 dearum
985 4244 1118 4310 vestibus
1132 4243 1203 4326 (cfr.
1226 4243 1362 4308 narratio
1381 4239 1419 4306 de
1444 4239 1515 4306 liliis
1534 4243 1619 4304 Dro-

302 4346 586 4430 generativam,
607 4344 779 4426 enarrandi,
798 4347 836 4411 de
858 4348 925 4432 qui·
984 4351 1271 4438 plnugaesegrbibl.
1283 4347 1619 4436 tesavnegennp.

303 4451 358 4514 bns
374 4451 435 4516 vid.
450 4467 515 4518 not.
528 4453 580 4516 ub.
598 4477 602 4486 ·
983 4455 1040 4540 67)
1056 4471 1088 4522 et
1104 4457 1242 4545 inprimit
1265 4456 1392 4521 armillis
1407 4454 1508 4518 surde
1529 4466 1621 4516 ment
1759 4469 1760 4527 i

348 4561 506 4625 ²Stntunm
518 4559 582 4625 'cuce
601 4565 782 4648 dignationis
790 4558 926 4642 titdt'cem]
983 4561 1621 4649 ornstm(vid.Faereiinssntttgsminserim

303 4667 492 4747 Dtgrratrbnis
511 4666 543 4728 id
565 4679 609 4732 est
630 4669 730 4732 cultus
743 4679 775 4732 et
791 4667 927 4746 honoris,
986 4669 1299 4736 cditlelendicmbist.
1313 4669 1620 4756 ragieoovttrygg.

302 4789 393 4854 quern
416 4770 534 4834 Otbino
551 4773 746 4856 prmmbmt.
791 4774 927 4837 lustinus
987 4779 1047 4842 vol.
1072 4781 1084 4840 1
1106 4801 1137 4862 p.
1167 4773 1244 4856 127,
1270 4768 1425 4864 Sagabibl.
1452 4779 1517 4862 lp.
1542 4771 1618 4852 179,

304 4873 356 4938 lib.
372 4878 471 4944 XVII!
485 4895 552 4961 cup.
567 4881 623 4944 lV:
646 4881 807 4944 Cleomenes
824 4905 842 4942 a
856 4885 927 4942 Pto·
987 4902 1063 4946 tete.
1078 4903 1174 4966 germ.
1187 4905 1218 4968 p.
1236 4877 1321 4962 154).
