3476 5460
400 257 474 334 456
743 261 917 332 fflsrott.
934 259 1039 332 DAN.
1054 256 1191 330 LIBER
1206 259 1265 376 tx,

353 466 459 566 plicio
474 465 669 542 dismssum
685 472 867 565 comperit,
882 444 1035 542 Dauiam
1050 469 1161 567 petiit.
1211 468 1329 558 Quem
1344 473 1530 568 Reganus,
1543 467 1622 565 quod

351 590 440 662 inter
455 590 665 664 saevissimas
693 588 963 687 parricidiorum
985 589 1164 690 procellas
1198 593 1457 690 integerrimum
1474 613 1511 665 su
1530 593 1623 687 picu-

352 717 395 784 tts
411 711 583 786 cultorem
599 726 763 808 gesserat,
789 711 1006 812 amplissima
1022 712 1248 788 veneratione
1263 712 1430 810 suscepit.

482 838 618 906 Interea
631 835 758 908 Daxon
783 833 1031 930 Witbsercum,
1050 835 1174 908 Svetiae
1194 836 1485 932 principantem,
1505 831 1560 906 diu
1572 853 1623 900 ue-

354 961 544 1052 quicquam
571 980 741 1052 snperare
763 973 927 1049 conatus,
949 956 1092 1042 tandem
1115 955 1217 1030 sactae
1235 961 1334 1055 pacis
1354 971 1545 1030 commento
1564 957 1622 1026 cir·
1691 975 1692 994 ³

352 1093 579 1150 cumventum
595 1077 807 1178 aggreditur.
869 1080 1118 1155 Convivialiter
1143 1078 1190 1152 ab
1212 1101 1257 1150 eo
1275 1095 1464 1177 exceptus,
1483 1091 1621 1148 armatum
1691 1107 1692 1112 ¹

353 1195 561 1269 subornavit
583 1205 782 1292 exercitum,
799 1204 862 1300 qui
882 1200 1045 1276 simulata
1078 1203 1292 1274 mercatione
1316 1202 1351 1270 in
1382 1199 1505 1272 urbem
1529 1195 1622 1270 rhedis
1691 1279 1692 1296 χ

354 1317 523 1393 advectus
545 1317 692 1417 hospitis
721 1321 871 1399 domum
888 1340 1065 1398 nocturno
1080 1321 1253 1394 laceraret
1267 1319 1417 1396 assultu.
1465 1320 1564 1416 Cujus
1578 1315 1621 1388 la-
1691 1305 1692 1392 3

356 1441 490 1512 trocinii
516 1467 660 1514 martum
689 1460 782 1517 tanta
812 1443 1033 1519 Withsercus
1065 1459 1183 1542 Strage
1209 1442 1384 1542 perculit,
1418 1459 1456 1516 ct
1477 1437 1621 1516 hostilium

352 1586 549 1658 corporum
563 1564 709 1639 cumulo
738 1567 975 1646 circumfusus
1008 1567 1077 1638 nisi
1093 1564 1198 1638 scalis
1212 1591 1368 1664 superne
1385 1565 1530 1640 admotis
1542 1586 1620 1636 eon-

356 1680 529 1780 prehendi
551 1692 718 1784 nequiret.
781 1687 982 1763 Duodecim
1005 1712 1153 1788 qnoque
1180 1693 1326 1762 comites
1346 1690 1428 1788 ejus
1457 1679 1622 1786 pertersit
1691 1679 1692 1772 J

357 1803 459 1878 hoste
485 1783 596 1904 capti,
622 1809 713 1882 facta
739 1811 805 1884 sibi
827 1809 1030 1908 repetendae
1055 1813 1177 1908 patriae
1204 1825 1398 1909 potestate,
1433 1807 1556 1898 derods
1572 1827 1621 1902 pro

315 1977 320 1994 ,
355 1951 440 2026 rege
463 1931 649 2026 capitibus,
682 1931 837 2004 alienum
851 1935 1063 2032 participare
1086 1930 1287 2029 perieulum
1325 1957 1435 2030 quam
1461 1953 1555 2004 suum
1568 1925 1620 1998 ah-

354 2049 464 2144 jicere
486 2050 697 2126 maluerunt.
756 2061 800 2127 At
822 2057 959 2146 Darou,
980 2061 1130 2154 egregiae
1154 2053 1341 2127 Withserci
1356 2053 1480 2126 sormae
1501 2057 1619 2124 minn-

355 2174 450 2244 tione
476 2173 669 2270 pieminius,
683 2177 855 2250 orientem
883 2180 1152 2274 speciosissimae
1166 2175 1298 2252 indolis
1319 2175 1447 2250 florem
1459 2169 1621 2248 convellere

356 2317 483 2388 passus
502 2321 574 2368 iton
592 2313 652 2368 est.
711 2300 777 2371 Cui
800 2323 873 2372 non
890 2315 1026 2374 tantum
1052 2299 1224 2389 salutem,
1240 2299 1314 2374 sed
1330 2316 1364 2370 et
1380 2299 1487 2372 filiam
1507 2291 1618 2368 dimidiu

357 2418 453 2515 regni
476 2420 530 2492 sui
556 2418 710 2492 dotatam
734 2423 772 2492 in
797 2424 1059 2496 matrimonium
1078 2420 1227 2513 obtulit,
1258 2445 1302 2494 ac
1323 2421 1442 2496 decori
1464 2416 1618 2492 incolumi-

358 2553 468 2610 tatem
487 2567 598 2638 quam
616 2541 813 2615 fortitudini
830 2569 974 2642 poenam
992 2544 1118 2618 afferre
1136 2543 1268 2618 maluit.
1318 2544 1385 2618 Ille
1407 2569 1499 2632 vcro,
1519 2561 1617 2638 prect-

356 2665 418 2732 riae
434 2664 512 2734 vitae
528 2689 633 2736 usum
650 2667 757 2737 animi
771 2667 1011 2766 magnitudine
1026 2665 1301 2764 floccipendens,
1319 2669 1540 2766 inpunitatem
1553 2687 1617 2759 per-

355 2781 438 2856 inde
454 2801 562 2884 atque
577 2788 770 2884 parvulum
788 2787 947 2888 aliquod,
960 2789 1174 2862 beneficium
1191 2795 1342 2889 respuit,
1377 2791 1495 2863 mortis
1507 2799 1617 2860 senten·

355 2911 438 2978 tiam
452 2932 524 2996 sua
546 2924 671 3006 sponte
693 2912 920 3010 complexus,
952 2912 1143 3010 praefatus,
1158 2916 1362 3010 Regnorum
1380 2910 1555 2987 vindictam
1574 2904 1617 2978 titii

354 3237 690 3320 stephanusnomen
702 3244 888 3306 vetustumin
900 3266 978 3306 mar·
1029 3261 1133 3330 captus
1151 3248 1180 3304 in
1202 3245 1318 3304 naucula
1335 3243 1477 3324 conlectus
1497 3255 1540 3301 est.
1564 3236 1616 3296 Cum

354 3341 424 3423 gine
445 3343 629 3432 adscriptum
651 3348 803 3412 habuisse:
837 3357 887 3412 aaa
910 3354 977 3412 allis
1030 3349 1216 3430 Gheysmero
1242 3343 1312 3408 iacit
1331 3345 1485 3409 Crantzius
1504 3344 1530 3404 in
1547 3337 1616 3402 Dinia

354 3449 461 3511 obicum
482 3454 567 3514 nodis
585 3458 749 3538 constringi
760 3463 867 3542 potnit.
916 3455 977 3518 Sed
1030 3453 1082 3516 lib.
1097 3457 1182 3538 1Vp.
1197 3449 1245 3514 77.
1286 3453 1381 3513 Plura
1400 3450 1438 3513 de
1455 3449 1563 3515 [ibbone
1577 3441 1615 3505 tid

353 3553 492 3633 innuunt,
506 3579 573 3640 quac
590 3579 660 3620 mox
674 3574 854 3646 sequuntur:
875 3567 916 3623 At
932 3563 982 3623 uti
1030 3559 1062 3620 in
1080 3571 1145 3621 not.
1164 3555 1249 3620 uber.

353 3665 457 3726 Ivarus
465 3668 617 3726 tumultum
623 3671 745 3740 factiosi
756 3671 896 3754 supplicio
915 3669 974 3730 des·
1078 3667 1298 3726 ¹Wt'tltrercnm
1317 3666 1421 3726 Suetr'oe
1429 3649 1617 3750 prtnctpcntemd

351 3795 463 3832 cussum
490 3775 640 3855 comperit,
682 3771 840 3834 Ubbonem
862 3793 975 3856 poenas
1031 3771 1617 3858 Pr'inct'pmehoelocoestt'mperare,tl¹¹0·

352 3874 477 3936 dedisce.
525 3873 632 3936 Potius
649 3875 742 3958 igitur
754 3875 914 3959 legendum
930 3897 974 3939 es·
1031 3875 1123 3938 modo
1149 3889 1218 3938 ante
1231 3879 1377 3939 saxonem
1401 3879 1510 3937 locutus
1524 3881 1560 3930 cst
1573 3871 1615 3926 ,tu-

351 3981 543 4062 scconjiciot
563 3983 651 4042 nullu
664 3983 768 4042 obit-nn
782 3981 814 4059 (i.
832 4005 856 4044 c.
870 4003 972 4044 caree·
1032 3983 1167 4066 guntinus
1195 3983 1232 4043 dc
1262 3983 1390 4044 Cin‘tate
1416 3981 1470 4042 Dei
1497 3974 1541 4036 tib.
1564 3968 1614 4028 ffl

351 4088 430 4168 rem)
453 4089 688 4171 modeteffngere'
701 4095 809 4175 potuit.
857 4091 972 4152 Firma·
1032 4109 1098 4172 cap.
1117 4087 1157 4151 tt
1170 4089 1225 4152 suh
1249 4088 1354 4150 finem:
1380 4091 1476 4168 Nepae
1497 4085 1559 4143 enan
1579 4073 1615 4132 dt

349 4207 401 4256 tur
415 4194 588 4275 conjectura
605 4195 766 4257 autoritate
788 4195 973 4276 Gheysmetd,
1031 4198 1165 4256 nattamli
1177 4197 1338 4280 cupiditate
1363 4197 1509 4278 imperant,
1528 4183 1570 4248 sed
1583 4179 1616 4262 ί]-

350 4299 403 4385 qut
426 4301 456 4362 in
482 4298 663 4383 compendio
689 4321 743 4361 suo
770 4321 834 4362 rem
855 4303 897 4364 ita
921 4319 972 4384 ge·
1021 4295 1095 4384 secio
1121 4303 1305 4374 consulendi,
1328 4325 1379 4362 noe
1396 4293 1568 4386 pnnctpcndt'
1582 4311 1616 4345 51¹·

350 4419 427 4468 stam
450 4418 554 4467 narrat
581 4405 706 4490 (Seript.
731 4425 786 4468 rer.
816 4411 891 4469 Dan.
911 4408 971 4470 vot.
1028 4409 1130 4492 perdia
1140 4454 1151 4480 ,
1176 4411 1228 4470 sed
1252 4409 1427 4494 providendi
1444 4393 1613 4462 nusen'cordt't·

350 4515 376 4575 ll
390 4535 420 4596 p.
437 4509 530 4590 343):
554 4515 644 4582 Utto,
656 4531 809 4596 (antequam
829 4519 972 4598 ropt'pos·
1032 4513 1082 4590 (S)
1107 4519 1175 4607 Quo
1196 4513 1310 4574 ambitu
1333 4531 1439 4574 numen
1459 4499 1556 4568 Statim
1571 4493 1613 4554 h⁰⁰

348 4635 406 4688 set,
422 4635 535 4678 tantona
556 4637 683 4701 stragem
700 4627 778 4680 circa
795 4621 921 4702 seseee't,
938 4610 970 4678 ut
1025 4611 1099 4682 ¹ittet»
1120 4615 1297 4680 sumendum
1326 4618 1380 4690 sit,
1415 4609 1543 4674 nonnulla
1567 4618 1612 4660 mo

348 4725 471 4783 trostnnn
485 4723 671 4786 cadaveribus
690 4743 828 4808 tanquam
851 4730 968 4787 nittru'ti-
1028 4737 1138 4784 ttentut·
1150 4723 1180 4782 in
1204 4721 1283 4784 notis
1309 4718 1507 4791 uberioribus,
1534 4701 1610 4770 attin

348 4829 536 4908 ortcnndt'que
551 4834 718 4891 vallaretur.
766 4833 816 4892 Ad
834 4833 964 4894 ultimum
1023 4827 1092 4888 crisi
1115 4826 1250 4890 historiae
1270 4825 1422 4894 Witset'ci·
