<?xml version="1.0" encoding="UTF-8"?>
<!DOCTYPE html PUBLIC "-//W3C//DTD XHTML 1.0 Transitional//EN"
    "http://www.w3.org/TR/xhtml1/DTD/xhtml1-transitional.dtd">
<html xmlns="http://www.w3.org/1999/xhtml" xml:lang="en" lang="en">
 <head>
  <title>
</title>
<meta http-equiv="Content-Type" content="text/html;charset=utf-8" />
  <meta name='ocr-system' content='tesseract 3.04.00' />
  <meta name='ocr-capabilities' content='ocr_page ocr_carea ocr_par ocr_line ocrx_word'/>
</head>
<body>
  <div class='ocr_page' id='page_1' title='image "./historiadanica00velsgoog_0518.png"; bbox 0 0 3506 5458; ppageno 0'>
   <div class='ocr_carea' id='block_1_1' title="bbox 672 301 1369 410">
    <p class='ocr_par' dir='ltr' id='par_1_1' title="bbox 672 301 1369 410">
     <span class='ocr_line' id='line_1_1' title="bbox 672 301 1369 410; baseline 0.003 -4"><span class='ocrx_word' id='word_1_1' title='bbox 672 335 831 410; x_wconf 80' lang='lat' dir='ltr'><strong>sveno.</strong></span> <span class='ocrx_word' id='word_1_2' title='bbox 1029 301 1033 316; x_wconf 86' lang='lat'>&#39;</span> <span class='ocrx_word' id='word_1_3' title='bbox 1294 335 1369 408; x_wconf 79' lang='lat' dir='ltr'><strong>aar</strong></span> 
     </span>
    </p>
   </div>
   <div class='ocr_carea' id='block_1_2' title="bbox 96 543 1421 3838">
    <p class='ocr_par' dir='ltr' id='par_1_2' title="bbox 97 543 1421 1747">
     <span class='ocr_line' id='line_1_2' title="bbox 100 543 1421 648; baseline 0.002 -28"><span class='ocrx_word' id='word_1_4' title='bbox 100 545 172 620; x_wconf 84' lang='lat' dir='ltr'><strong>rilii</strong></span> <span class='ocrx_word' id='word_1_5' title='bbox 189 553 377 645; x_wconf 82' lang='lat' dir='ltr'><strong>petitorem</strong></span> <span class='ocrx_word' id='word_1_6' title='bbox 393 545 600 620; x_wconf 67' lang='lat' dir='ltr'><strong>ambitionis</strong></span> <span class='ocrx_word' id='word_1_7' title='bbox 613 561 699 620; x_wconf 90' lang='lat' dir='ltr'><strong>nota</strong></span> <span class='ocrx_word' id='word_1_8' title='bbox 714 543 876 642; x_wconf 77' lang='lat' dir='ltr'><strong>perculit,</strong></span> <span class='ocrx_word' id='word_1_9' title='bbox 891 545 1105 636; x_wconf 81' lang='lat' dir='ltr'><strong>existimans,</strong></span> <span class='ocrx_word' id='word_1_10' title='bbox 1126 571 1200 620; x_wconf 90' lang='lat' dir='ltr'><strong>non</strong></span> <span class='ocrx_word' id='word_1_11' title='bbox 1215 562 1289 622; x_wconf 77' lang='lat' dir='ltr'><strong>tam</strong></span> <span class='ocrx_word' id='word_1_12' title='bbox 1312 573 1421 648; x_wconf 81' lang='lat' dir='ltr'><strong>opem</strong></span> 
     </span>
     <span class='ocr_line' id='line_1_3' title="bbox 99 663 1420 771; baseline 0.002 -28"><span class='ocrx_word' id='word_1_13' title='bbox 99 695 123 743; x_wconf 82' lang='lat' dir='ltr'><strong>a</strong></span> <span class='ocrx_word' id='word_1_14' title='bbox 138 667 301 770; x_wconf 74' lang='lat' dir='ltr'><strong>profugo</strong></span> <span class='ocrx_word' id='word_1_15' title='bbox 322 669 407 766; x_wconf 74' lang='lat' dir='ltr'><strong>prati,</strong></span> <span class='ocrx_word' id='word_1_16' title='bbox 430 691 541 767; x_wconf 91' lang='lat' dir='ltr'><strong>quam</strong></span> <span class='ocrx_word' id='word_1_17' title='bbox 557 665 649 745; x_wconf 78' lang='lat' dir='ltr'><strong>exilii</strong></span> <span class='ocrx_word' id='word_1_18' title='bbox 673 663 898 742; x_wconf 77' lang='lat' dir='ltr'><strong>simulatione</strong></span> <span class='ocrx_word' id='word_1_19' title='bbox 915 691 1067 767; x_wconf 80' lang='lat' dir='ltr'><strong>regnum</strong></span> <span class='ocrx_word' id='word_1_20' title='bbox 1090 693 1111 742; x_wconf 87' lang='lat' dir='ltr'><strong>a</strong></span> <span class='ocrx_word' id='word_1_21' title='bbox 1134 667 1266 746; x_wconf 87' lang='lat' dir='ltr'><strong>callido</strong></span> <span class='ocrx_word' id='word_1_22' title='bbox 1290 679 1420 771; x_wconf 70' lang='lat' dir='ltr'><strong>repei3</strong></span> 
     </span>
     <span class='ocr_line' id='line_1_4' title="bbox 98 789 1420 892; baseline 0.004 -26"><span class='ocrx_word' id='word_1_23' title='bbox 98 791 329 892; x_wconf 69' lang='lat' dir='ltr'><strong>fortuneque</strong></span> <span class='ocrx_word' id='word_1_24' title='bbox 347 792 506 890; x_wconf 85' lang='lat' dir='ltr'><strong>inopiam</strong></span> <span class='ocrx_word' id='word_1_25' title='bbox 518 805 770 889; x_wconf 79' lang='lat' dir='ltr'><strong>argumentum</strong></span> <span class='ocrx_word' id='word_1_26' title='bbox 779 789 918 864; x_wconf 78' lang='lat' dir='ltr'><strong>astutiae</strong></span> <span class='ocrx_word' id='word_1_27' title='bbox 933 805 1115 888; x_wconf 82' lang='lat' dir='ltr'><strong>reputans,</strong></span> <span class='ocrx_word' id='word_1_28' title='bbox 1132 791 1308 868; x_wconf 83' lang='lat' dir='ltr'><strong>obseratis</strong></span> <span class='ocrx_word' id='word_1_29' title='bbox 1323 819 1420 872; x_wconf 86' lang='lat' dir='ltr'><strong>eru-</strong></span> 
     </span>
     <span class='ocr_line' id='line_1_5' title="bbox 100 909 1419 1012; baseline 0 -22"><span class='ocrx_word' id='word_1_30' title='bbox 100 912 175 990; x_wconf 86' lang='lat' dir='ltr'><strong>lem</strong></span> <span class='ocrx_word' id='word_1_31' title='bbox 192 913 342 990; x_wconf 82' lang='lat' dir='ltr'><strong>auribus</strong></span> <span class='ocrx_word' id='word_1_32' title='bbox 358 929 542 990; x_wconf 75' lang='lat' dir='ltr'><strong>avemtus</strong></span> <span class='ocrx_word' id='word_1_33' title='bbox 558 927 620 985; x_wconf 84' lang='lat' dir='ltr'><strong>est.</strong></span> <span class='ocrx_word' id='word_1_34' title='bbox 668 909 771 986; x_wconf 82' lang='lat' dir='ltr'><strong>Adeo</strong></span> <span class='ocrx_word' id='word_1_35' title='bbox 787 927 938 1010; x_wconf 84' lang='lat' dir='ltr'><strong>paterna</strong></span> <span class='ocrx_word' id='word_1_36' title='bbox 954 909 1102 988; x_wconf 84' lang='lat' dir='ltr'><strong>felicitas</strong></span> <span class='ocrx_word' id='word_1_37' title='bbox 1117 931 1323 1012; x_wconf 86' lang='lat' dir='ltr'><strong>suspectam</strong></span> <span class='ocrx_word' id='word_1_38' title='bbox 1348 919 1419 990; x_wconf 86' lang='lat' dir='ltr'><strong>nati</strong></span> 
     </span>
     <span class='ocr_line' id='line_1_6' title="bbox 101 1031 1421 1140; baseline 0.002 -28"><span class='ocrx_word' id='word_1_39' title='bbox 101 1038 282 1112; x_wconf 66' lang='lat' dir='ltr'><strong>muniam</strong></span> <span class='ocrx_word' id='word_1_40' title='bbox 298 1035 442 1112; x_wconf 83' lang='lat' dir='ltr'><strong>fecerat</strong></span> <span class='ocrx_word' id='word_1_41' title='bbox 494 1039 547 1109; x_wconf 90' lang='lat' dir='ltr'><strong>lta</strong></span> <span class='ocrx_word' id='word_1_42' title='bbox 562 1031 711 1140; x_wconf 75' lang='lat' dir='ltr'><strong>maligui</strong></span> <span class='ocrx_word' id='word_1_43' title='bbox 724 1036 832 1108; x_wconf 83' lang='lat' dir='ltr'><strong>animi</strong></span> <span class='ocrx_word' id='word_1_44' title='bbox 848 1031 1007 1108; x_wconf 76' lang='lat' dir='ltr'><strong>ducibm</strong></span> <span class='ocrx_word' id='word_1_45' title='bbox 1021 1057 1105 1132; x_wconf 89' lang='lat' dir='ltr'><strong>spes</strong></span> <span class='ocrx_word' id='word_1_46' title='bbox 1122 1059 1206 1111; x_wconf 88' lang='lat' dir='ltr'><strong>suas</strong></span> <span class='ocrx_word' id='word_1_47' title='bbox 1219 1063 1421 1140; x_wconf 73' lang='lat' dir='ltr'>precesque</span> 
     </span>
     <span class='ocr_line' id='line_1_7' title="bbox 97 1155 1418 1262; baseline 0.002 -29"><span class='ocrx_word' id='word_1_48' title='bbox 97 1158 363 1252; x_wconf 77' lang='lat' dir='ltr'><strong>tmsrsutibus,</strong></span> <span class='ocrx_word' id='word_1_49' title='bbox 380 1158 581 1232; x_wconf 86' lang='lat' dir='ltr'><strong>inScotiam</strong></span> <span class='ocrx_word' id='word_1_50' title='bbox 596 1157 800 1254; x_wconf 80' lang='lat' dir='ltr'><strong>proiectus¹</strong></span> <span class='ocrx_word' id='word_1_51' title='bbox 822 1155 1056 1246; x_wconf 82' lang='lat' dir='ltr'><strong>clementiam,</strong></span> <span class='ocrx_word' id='word_1_52' title='bbox 1066 1183 1178 1255; x_wconf 72' lang='grc' dir='ltr'><strong>(Ῑιιαιιι</strong></span> <span class='ocrx_word' id='word_1_53' title='bbox 1195 1161 1231 1232; x_wconf 91' lang='lat' dir='ltr'><strong>in</strong></span> <span class='ocrx_word' id='word_1_54' title='bbox 1248 1161 1418 1262; x_wconf 81' lang='lat' dir='ltr'><strong>aliqnan-</strong></span> 
     </span>
     <span class='ocr_line' id='line_1_8' title="bbox 99 1277 1420 1384; baseline 0.002 -28"><span class='ocrx_word' id='word_1_55' title='bbox 99 1300 136 1356; x_wconf 90' lang='lat' dir='ltr'><strong>to</strong></span> <span class='ocrx_word' id='word_1_56' title='bbox 155 1283 295 1358; x_wconf 75' lang='lat' dir='ltr'><strong>minore</strong></span> <span class='ocrx_word' id='word_1_57' title='bbox 313 1295 419 1380; x_wconf 78' lang='lat' dir='ltr'><strong>gente</strong></span> <span class='ocrx_word' id='word_1_58' title='bbox 440 1303 515 1354; x_wconf 93' lang='lat' dir='ltr'><strong>non</strong></span> <span class='ocrx_word' id='word_1_59' title='bbox 540 1282 690 1378; x_wconf 80' lang='lat' dir='ltr'><strong>reperit,</strong></span> <span class='ocrx_word' id='word_1_60' title='bbox 722 1277 823 1381; x_wconf 86' lang='lat' dir='ltr'><strong>apud</strong></span> <span class='ocrx_word' id='word_1_61' title='bbox 845 1279 986 1356; x_wconf 72' lang='lat' dir='ltr'><strong>efferam</strong></span> <span class='ocrx_word' id='word_1_62' title='bbox 1012 1279 1256 1356; x_wconf 86' lang='lat' dir='ltr'><strong>barbarorum</strong></span> <span class='ocrx_word' id='word_1_63' title='bbox 1277 1285 1420 1384; x_wconf 83' lang='lat' dir='ltr'><strong>ingenia</strong></span> 
     </span>
     <span class='ocr_line' id='line_1_9' title="bbox 98 1401 1420 1506; baseline 0.002 -26"><span class='ocrx_word' id='word_1_64' title='bbox 98 1407 219 1480; x_wconf 87' lang='lat' dir='ltr'><strong>sensit.</strong></span> <span class='ocrx_word' id='word_1_65' title='bbox 272 1402 377 1477; x_wconf 78' lang='lat' dir='ltr'><strong>adeo</strong></span> <span class='ocrx_word' id='word_1_66' title='bbox 397 1403 493 1475; x_wconf 88' lang='lat' dir='ltr'><strong>enim</strong></span> <span class='ocrx_word' id='word_1_67' title='bbox 508 1401 677 1478; x_wconf 83' lang='lat' dir='ltr'><strong>volubilis</strong></span> <span class='ocrx_word' id='word_1_68' title='bbox 692 1401 846 1478; x_wconf 78' lang='lat' dir='ltr'><strong>fortunae</strong></span> <span class='ocrx_word' id='word_1_69' title='bbox 866 1405 953 1476; x_wconf 85' lang='lat' dir='ltr'><strong>varii</strong></span> <span class='ocrx_word' id='word_1_70' title='bbox 977 1419 1088 1501; x_wconf 83' lang='lat' dir='ltr'><strong>atque</strong></span> <span class='ocrx_word' id='word_1_71' title='bbox 1110 1406 1281 1506; x_wconf 82' lang='lat' dir='ltr'><strong>ancipites</strong></span> <span class='ocrx_word' id='word_1_72' title='bbox 1301 1423 1420 1482; x_wconf 87' lang='lat' dir='ltr'><strong>motus</strong></span> 
     </span>
     <span class='ocr_line' id='line_1_10' title="bbox 97 1525 1419 1627; baseline 0 -27"><span class='ocrx_word' id='word_1_73' title='bbox 97 1529 249 1602; x_wconf 81' lang='lat' dir='ltr'><strong>existere</strong></span> <span class='ocrx_word' id='word_1_74' title='bbox 263 1539 534 1617; x_wconf 83' lang='lat' dir='ltr'><strong>consvererunt,</strong></span> <span class='ocrx_word' id='word_1_75' title='bbox 548 1541 590 1600; x_wconf 92' lang='lat' dir='ltr'><strong>nt</strong></span> <span class='ocrx_word' id='word_1_76' title='bbox 605 1525 783 1600; x_wconf 88' lang='lat' dir='ltr'><strong>interdum</strong></span> <span class='ocrx_word' id='word_1_77' title='bbox 799 1525 956 1602; x_wconf 87' lang='lat' dir='ltr'><strong>bumana</strong></span> <span class='ocrx_word' id='word_1_78' title='bbox 967 1549 1078 1618; x_wconf 86' lang='lat' dir='ltr'><strong>mens,</strong></span> <span class='ocrx_word' id='word_1_79' title='bbox 1098 1527 1160 1602; x_wconf 89' lang='lat' dir='ltr'><strong>ubi</strong></span> <span class='ocrx_word' id='word_1_80' title='bbox 1175 1531 1326 1627; x_wconf 81' lang='lat' dir='ltr'><strong>speratis</strong></span> <span class='ocrx_word' id='word_1_81' title='bbox 1343 1527 1419 1604; x_wconf 82' lang='lat' dir='ltr'><strong>tat-</strong></span> 
     </span>
     <span class='ocr_line' id='line_1_11' title="bbox 98 1645 803 1747; baseline 0.003 -27"><span class='ocrx_word' id='word_1_82' title='bbox 98 1648 197 1742; x_wconf 90' lang='lat' dir='ltr'><strong>litur,</strong></span> <span class='ocrx_word' id='word_1_83' title='bbox 224 1653 401 1746; x_wconf 85' lang='lat' dir='ltr'><strong>insperata</strong></span> <span class='ocrx_word' id='word_1_84' title='bbox 418 1645 557 1720; x_wconf 81' lang='lat' dir='ltr'><strong>facibus</strong></span> <span class='ocrx_word' id='word_1_85' title='bbox 580 1665 803 1747; x_wconf 74' lang='lat' dir='ltr'><strong>assequatur.</strong></span> 
     </span>
    </p>

    <p class='ocr_par' dir='ltr' id='par_1_3' title="bbox 96 1767 1420 3838">
     <span class='ocr_line' id='line_1_12' title="bbox 233 1767 1420 1874; baseline 0.005 -32"><span class='ocrx_word' id='word_1_86' title='bbox 233 1771 311 1842; x_wconf 86' lang='lat' dir='ltr'><strong>Hac</strong></span> <span class='ocrx_word' id='word_1_87' title='bbox 326 1767 481 1842; x_wconf 82' lang='lat' dir='ltr'><strong>fortunae</strong></span> <span class='ocrx_word' id='word_1_88' title='bbox 498 1769 633 1844; x_wconf 86' lang='lat' dir='ltr'><strong>saevitia</strong></span> <span class='ocrx_word' id='word_1_89' title='bbox 645 1772 764 1846; x_wconf 86' lang='lat' dir='ltr'><strong>Sveno</strong></span> <span class='ocrx_word' id='word_1_90' title='bbox 778 1770 827 1846; x_wconf 84' lang='lat' dir='ltr'><strong>ad</strong></span> <span class='ocrx_word' id='word_1_91' title='bbox 844 1769 1130 1872; x_wconf 83' lang='lat' dir='ltr'><strong>amplectendam</strong></span> <span class='ocrx_word' id='word_1_92' title='bbox 1151 1771 1332 1874; x_wconf 72' lang='lat' dir='ltr'><strong>religionis</strong></span> <span class='ocrx_word' id='word_1_93' title='bbox 1351 1797 1420 1848; x_wconf 87' lang='lat' dir='ltr'><strong>ca·-</strong></span> 
     </span>
     <span class='ocr_line' id='line_1_13' title="bbox 97 1890 1418 1994; baseline 0.003 -28"><span class='ocrx_word' id='word_1_94' title='bbox 97 1898 236 1968; x_wconf 86' lang='lat' dir='ltr'><strong>ritatem</strong></span> <span class='ocrx_word' id='word_1_95' title='bbox 262 1891 411 1967; x_wconf 83' lang='lat' dir='ltr'><strong>adactus</strong></span> <span class='ocrx_word' id='word_1_96' title='bbox 436 1891 635 1966; x_wconf 86' lang='lat' dir='ltr'><strong>abstractos</strong></span> <span class='ocrx_word' id='word_1_97' title='bbox 655 1890 805 1994; x_wconf 77' lang='lat' dir='ltr'><strong>caligine</strong></span> <span class='ocrx_word' id='word_1_98' title='bbox 820 1891 948 1968; x_wconf 87' lang='lat' dir='ltr'><strong>oculos</strong></span> <span class='ocrx_word' id='word_1_99' title='bbox 970 1892 1115 1968; x_wconf 82' lang='lat' dir='ltr'><strong>salutari</strong></span> <span class='ocrx_word' id='word_1_100' title='bbox 1138 1892 1226 1970; x_wconf 89' lang='lat' dir='ltr'><strong>lucis</strong></span> <span class='ocrx_word' id='word_1_101' title='bbox 1253 1911 1418 1970; x_wconf 71' lang='lat' dir='ltr'><strong>conmm-</strong></span> 
     </span>
     <span class='ocr_line' id='line_1_14' title="bbox 97 2012 1419 2118; baseline 0.003 -28"><span class='ocrx_word' id='word_1_102' title='bbox 97 2015 254 2117; x_wconf 86' lang='lat' dir='ltr'><strong>platione</strong></span> <span class='ocrx_word' id='word_1_103' title='bbox 280 2012 437 2091; x_wconf 82' lang='lat' dir='ltr'><strong>suffudit</strong></span> <span class='ocrx_word' id='word_1_104' title='bbox 487 2017 579 2088; x_wconf 86' lang='lat' dir='ltr'><strong>Nam</strong></span> <span class='ocrx_word' id='word_1_105' title='bbox 595 2014 791 2092; x_wconf 89' lang='lat' dir='ltr'><strong>cumduos</strong></span> <span class='ocrx_word' id='word_1_106' title='bbox 809 2015 963 2088; x_wconf 83' lang='lat' dir='ltr'><strong>maxime</strong></span> <span class='ocrx_word' id='word_1_107' title='bbox 988 2033 1109 2090; x_wconf 83' lang='lat' dir='ltr'><strong>reatus</strong></span> <span class='ocrx_word' id='word_1_108' title='bbox 1131 2040 1237 2108; x_wconf 86' lang='lat' dir='ltr'><strong>suns,</strong></span> <span class='ocrx_word' id='word_1_109' title='bbox 1262 2021 1419 2118; x_wconf 86' lang='lat' dir='ltr'><strong>parrici-</strong></span> 
     </span>
     <span class='ocr_line' id='line_1_15' title="bbox 99 2136 1419 2240; baseline 0.003 -26"><span class='ocrx_word' id='word_1_110' title='bbox 99 2139 202 2216; x_wconf 85' lang='lat' dir='ltr'><strong>dium</strong></span> <span class='ocrx_word' id='word_1_111' title='bbox 218 2155 325 2240; x_wconf 82' lang='lat' dir='ltr'><strong>atque</strong></span> <span class='ocrx_word' id='word_1_112' title='bbox 341 2137 578 2240; x_wconf 76' lang='lat' dir='ltr'><strong>sncnlegium‚</strong></span> <span class='ocrx_word' id='word_1_113' title='bbox 601 2136 748 2212; x_wconf 86' lang='lat' dir='ltr'><strong>totidem</strong></span> <span class='ocrx_word' id='word_1_114' title='bbox 764 2138 981 2239; x_wconf 71' lang='lat' dir='ltr'><strong>gravisdmis</strong></span> <span class='ocrx_word' id='word_1_115' title='bbox 998 2137 1194 2238; x_wconf 74' lang='lat' dir='ltr'><strong>suppliciis,</strong></span> <span class='ocrx_word' id='word_1_116' title='bbox 1216 2147 1419 2240; x_wconf 75' lang='lat' dir='ltr'><strong>captivitate</strong></span> 
     </span>
     <span class='ocr_line' id='line_1_16' title="bbox 97 2257 1418 2362; baseline 0.004 -27"><span class='ocrx_word' id='word_1_117' title='bbox 97 2277 209 2361; x_wconf 82' lang='lat' dir='ltr'><strong>atque</strong></span> <span class='ocrx_word' id='word_1_118' title='bbox 220 2261 337 2354; x_wconf 79' lang='lat' dir='ltr'><strong>exilio,</strong></span> <span class='ocrx_word' id='word_1_119' title='bbox 352 2259 500 2336; x_wconf 71' lang='lat' dir='ltr'><strong>munde</strong></span> <span class='ocrx_word' id='word_1_120' title='bbox 514 2259 708 2337; x_wconf 88' lang='lat' dir='ltr'><strong>mulctatos</strong></span> <span class='ocrx_word' id='word_1_121' title='bbox 723 2257 1030 2350; x_wconf 83' lang='lat' dir='ltr'><strong>animadverteret,</strong></span> <span class='ocrx_word' id='word_1_122' title='bbox 1052 2263 1147 2358; x_wconf 85' lang='lat' dir='ltr'><strong>piam</strong></span> <span class='ocrx_word' id='word_1_123' title='bbox 1164 2261 1338 2362; x_wconf 77' lang='lat' dir='ltr'><strong>neglectae</strong></span> <span class='ocrx_word' id='word_1_124' title='bbox 1353 2291 1418 2340; x_wconf 85' lang='lat' dir='ltr'><strong>sa-</strong></span> 
     </span>
     <span class='ocr_line' id='line_1_17' title="bbox 98 2381 1418 2484; baseline 0.005 -28"><span class='ocrx_word' id='word_1_125' title='bbox 98 2383 225 2460; x_wconf 85' lang='lat' dir='ltr'><strong>lutaris</strong></span> <span class='ocrx_word' id='word_1_126' title='bbox 238 2381 436 2484; x_wconf 87' lang='lat' dir='ltr'><strong>disciplinae</strong></span> <span class='ocrx_word' id='word_1_127' title='bbox 452 2381 703 2458; x_wconf 81' lang='lat' dir='ltr'><strong>verecundiam</strong></span> <span class='ocrx_word' id='word_1_128' title='bbox 719 2383 803 2482; x_wconf 81' lang='lat' dir='ltr'><strong>egit,</strong></span> <span class='ocrx_word' id='word_1_129' title='bbox 828 2405 1077 2482; x_wconf 86' lang='lat' dir='ltr'><strong>conversoque</strong></span> <span class='ocrx_word' id='word_1_130' title='bbox 1092 2385 1129 2456; x_wconf 91' lang='lat' dir='ltr'><strong>in</strong></span> <span class='ocrx_word' id='word_1_131' title='bbox 1146 2409 1269 2457; x_wconf 85' lang='lat' dir='ltr'><strong>curam</strong></span> <span class='ocrx_word' id='word_1_132' title='bbox 1289 2410 1418 2461; x_wconf 78' lang='lat' dir='ltr'><strong>samo-</strong></span> 
     </span>
     <span class='ocr_line' id='line_1_18' title="bbox 98 2504 1417 2608; baseline -0.002 -26"><span class='ocrx_word' id='word_1_133' title='bbox 98 2533 183 2582; x_wconf 89' lang='lat' dir='ltr'><strong>rum</strong></span> <span class='ocrx_word' id='word_1_134' title='bbox 197 2511 337 2598; x_wconf 87' lang='lat' dir='ltr'><strong>anirno,</strong></span> <span class='ocrx_word' id='word_1_135' title='bbox 362 2508 547 2604; x_wconf 83' lang='lat' dir='ltr'><strong>utriusque</strong></span> <span class='ocrx_word' id='word_1_136' title='bbox 563 2504 680 2580; x_wconf 86' lang='lat' dir='ltr'><strong>delicti</strong></span> <span class='ocrx_word' id='word_1_137' title='bbox 696 2511 900 2606; x_wconf 72' lang='lat' dir='ltr'><strong>contagium</strong></span> <span class='ocrx_word' id='word_1_138' title='bbox 924 2504 1038 2603; x_wconf 90' lang='lat' dir='ltr'><strong>plenis</strong></span> <span class='ocrx_word' id='word_1_139' title='bbox 1061 2508 1278 2604; x_wconf 69' lang='lat' dir='ltr'><strong>paenitentiae</strong></span> <span class='ocrx_word' id='word_1_140' title='bbox 1293 2506 1417 2608; x_wconf 77' lang='lat' dir='ltr'><strong>lacry-</strong></span> 
     </span>
     <span class='ocr_line' id='line_1_19' title="bbox 98 2611 1416 2730; baseline 0.001 -25"><span class='ocrx_word' id='word_1_141' title='bbox 98 2632 168 2705; x_wconf 89' lang='lat' dir='ltr'><strong>mis</strong></span> <span class='ocrx_word' id='word_1_142' title='bbox 190 2629 355 2730; x_wconf 82' lang='lat' dir='ltr'><strong>expiarit.</strong></span> <span class='ocrx_word' id='word_1_143' title='bbox 409 2631 640 2722; x_wconf 86' lang='lat' dir='ltr'><strong>Quinetiam,</strong></span> <span class='ocrx_word' id='word_1_144' title='bbox 661 2629 800 2704; x_wconf 61' lang='lat' dir='ltr'><strong>eunom</strong></span> <span class='ocrx_word' id='word_1_145' title='bbox 818 2634 912 2702; x_wconf 88' lang='lat' dir='ltr'><strong>cirea</strong></span> <span class='ocrx_word' id='word_1_146' title='bbox 933 2653 973 2703; x_wconf 85' lang='lat' dir='ltr'><strong>se</strong></span> <span class='ocrx_word' id='word_1_147' title='bbox 992 2611 1254 2727; x_wconf 48' lang='lat' dir='ltr'><strong>rite&#39;peractis,</strong></span> <span class='ocrx_word' id='word_1_148' title='bbox 1285 2627 1416 2706; x_wconf 86' lang='lat' dir='ltr'><strong>lavacri</strong></span> 
     </span>
     <span class='ocr_line' id='line_1_20' title="bbox 98 2745 1417 2854; baseline 0.001 -25"><span class='ocrx_word' id='word_1_149' title='bbox 98 2745 208 2830; x_wconf 89' lang='lat' dir='ltr'><strong>usum</strong></span> <span class='ocrx_word' id='word_1_150' title='bbox 229 2754 499 2854; x_wconf 86' lang='lat' dir='ltr'><strong>promptissimo</strong></span> <span class='ocrx_word' id='word_1_151' title='bbox 527 2749 710 2852; x_wconf 81' lang='lat' dir='ltr'><strong>religionis</strong></span> <span class='ocrx_word' id='word_1_152' title='bbox 736 2766 861 2828; x_wconf 88' lang='lat' dir='ltr'><strong>tenore</strong></span> <span class='ocrx_word' id='word_1_153' title='bbox 897 2753 1066 2851; x_wconf 81' lang='lat' dir='ltr'><strong>percepit</strong></span> <span class='ocrx_word' id='word_1_154' title='bbox 1140 2753 1417 2854; x_wconf 70' lang='lat' dir='ltr'><strong>Cujusquanta</strong></span> 
     </span>
     <span class='ocr_line' id='line_1_21' title="bbox 97 2871 1418 2980; baseline 0 -28"><span class='ocrx_word' id='word_1_155' title='bbox 97 2879 201 2980; x_wconf 88' lang='lat' dir='ltr'><strong>priua</strong></span> <span class='ocrx_word' id='word_1_156' title='bbox 222 2875 326 2951; x_wconf 83' lang='lat' dir='ltr'><strong>labes</strong></span> <span class='ocrx_word' id='word_1_157' title='bbox 356 2880 533 2967; x_wconf 79' lang='lat' dir='ltr'><strong>extiterat,</strong></span> <span class='ocrx_word' id='word_1_158' title='bbox 564 2890 713 2954; x_wconf 83' lang='lat' dir='ltr'><strong>tantum</strong></span> <span class='ocrx_word' id='word_1_159' title='bbox 729 2875 855 2974; x_wconf 79' lang='lat' dir='ltr'><strong>postea</strong></span> <span class='ocrx_word' id='word_1_160' title='bbox 881 2873 998 2949; x_wconf 87' lang='lat' dir='ltr'><strong>robur</strong></span> <span class='ocrx_word' id='word_1_161' title='bbox 1026 2896 1071 2946; x_wconf 84' lang='lat' dir='ltr'><strong>ao</strong></span> <span class='ocrx_word' id='word_1_162' title='bbox 1101 2871 1269 2948; x_wconf 88' lang='lat' dir='ltr'><strong>columen</strong></span> <span class='ocrx_word' id='word_1_163' title='bbox 1294 2882 1418 2952; x_wconf 86' lang='lat' dir='ltr'><strong>evasit.</strong></span> 
     </span>
     <span class='ocr_line' id='line_1_22' title="bbox 97 2995 1419 3100; baseline -0.002 -26"><span class='ocrx_word' id='word_1_164' title='bbox 97 3003 175 3074; x_wconf 84' lang='lat' dir='ltr'><strong>Nec</strong></span> <span class='ocrx_word' id='word_1_165' title='bbox 191 3001 345 3100; x_wconf 76' lang='lat' dir='ltr'><strong>segniter</strong></span> <span class='ocrx_word' id='word_1_166' title='bbox 361 2998 579 3098; x_wconf 79' lang='lat' dir='ltr'><strong>poeniteutiae</strong></span> <span class='ocrx_word' id='word_1_167' title='bbox 599 2997 776 3072; x_wconf 84' lang='lat' dir='ltr'><strong>beneficio</strong></span> <span class='ocrx_word' id='word_1_168' title='bbox 792 2995 975 3096; x_wconf 87' lang='lat' dir='ltr'><strong>permulsa</strong></span> <span class='ocrx_word' id='word_1_169' title='bbox 991 2998 1112 3072; x_wconf 87' lang='lat' dir='ltr'><strong>Deitas</strong></span> <span class='ocrx_word' id='word_1_170' title='bbox 1125 2999 1270 3096; x_wconf 88' lang='lat' dir='ltr'><strong>propitii</strong></span> <span class='ocrx_word' id='word_1_171' title='bbox 1293 3005 1419 3074; x_wconf 85' lang='lat' dir='ltr'><strong>numi-</strong></span> 
     </span>
     <span class='ocr_line' id='line_1_23' title="bbox 98 3117 1418 3221; baseline -0.001 -24"><span class='ocrx_word' id='word_1_172' title='bbox 98 3127 157 3197; x_wconf 85' lang='lat' dir='ltr'><strong>nis</strong></span> <span class='ocrx_word' id='word_1_173' title='bbox 171 3121 296 3198; x_wconf 82' lang='lat' dir='ltr'><strong>farore</strong></span> <span class='ocrx_word' id='word_1_174' title='bbox 312 3121 503 3220; x_wconf 85' lang='lat' dir='ltr'><strong>pristinum</strong></span> <span class='ocrx_word' id='word_1_175' title='bbox 527 3118 728 3194; x_wconf 78' lang='lat' dir='ltr'><strong>oilortunoe</strong></span> <span class='ocrx_word' id='word_1_176' title='bbox 751 3117 982 3220; x_wconf 86' lang='lat' dir='ltr'><strong>splendorem</strong></span> <span class='ocrx_word' id='word_1_177' title='bbox 1002 3120 1216 3211; x_wconf 84' lang='lat' dir='ltr'><strong>conciliavit,</strong></span> <span class='ocrx_word' id='word_1_178' title='bbox 1240 3143 1418 3221; x_wconf 87' lang='lat' dir='ltr'><strong>amorque</strong></span> 
     </span>
     <span class='ocr_line' id='line_1_24' title="bbox 100 3240 1418 3346; baseline 0.001 -26"><span class='ocrx_word' id='word_1_179' title='bbox 100 3249 235 3346; x_wconf 87' lang='lat' dir='ltr'><strong>ipsius,</strong></span> <span class='ocrx_word' id='word_1_180' title='bbox 273 3242 465 3345; x_wconf 79' lang='lat' dir='ltr'><strong>septim02,</strong></span> <span class='ocrx_word' id='word_1_181' title='bbox 497 3240 691 3316; x_wconf 83' lang='lat' dir='ltr'><strong>decedente</strong></span> <span class='ocrx_word' id='word_1_182' title='bbox 719 3245 847 3334; x_wconf 87' lang='lat' dir='ltr'><strong>Erico,</strong></span> <span class='ocrx_word' id='word_1_183' title='bbox 876 3257 1086 3341; x_wconf 91' lang='lat' dir='ltr'><strong>promptum</strong></span> <span class='ocrx_word' id='word_1_184' title='bbox 1121 3248 1220 3342; x_wconf 82' lang='lat' dir='ltr'><strong>regni</strong></span> <span class='ocrx_word' id='word_1_185' title='bbox 1237 3244 1418 3322; x_wconf 75' lang='lat' dir='ltr'><strong>mucium</strong></span> 
     </span>
     <span class='ocr_line' id='line_1_25' title="bbox 99 3365 1417 3468; baseline -0.001 -23"><span class='ocrx_word' id='word_1_186' title='bbox 99 3375 227 3445; x_wconf 85' lang='lat' dir='ltr'><strong>struxit</strong></span> <span class='ocrx_word' id='word_1_187' title='bbox 269 3393 338 3468; x_wconf 85' lang='lat' dir='ltr'><strong>pro</strong></span> <span class='ocrx_word' id='word_1_188' title='bbox 365 3367 469 3441; x_wconf 81' lang='lat' dir='ltr'><strong>exilio</strong></span> <span class='ocrx_word' id='word_1_189' title='bbox 496 3367 668 3466; x_wconf 81' lang='lat' dir='ltr'><strong>patriam,</strong></span> <span class='ocrx_word' id='word_1_190' title='bbox 690 3389 760 3464; x_wconf 88' lang='lat' dir='ltr'><strong>pro</strong></span> <span class='ocrx_word' id='word_1_191' title='bbox 783 3381 994 3464; x_wconf 82' lang='lat' dir='ltr'><strong>paupertate</strong></span> <span class='ocrx_word' id='word_1_192' title='bbox 1016 3365 1277 3466; x_wconf 86' lang='lat' dir='ltr'><strong>amplissimum</strong></span> <span class='ocrx_word' id='word_1_193' title='bbox 1305 3365 1417 3444; x_wconf 87' lang='lat' dir='ltr'><strong>decus</strong></span> 
     </span>
     <span class='ocr_line' id='line_1_26' title="bbox 99 3481 1416 3590; baseline -0.004 -23"><span class='ocrx_word' id='word_1_194' title='bbox 99 3481 145 3567; x_wconf 80' lang='lat' dir='ltr'><strong>ac</strong></span> <span class='ocrx_word' id='word_1_195' title='bbox 162 3517 341 3566; x_wconf 85' lang='lat' dir='ltr'><strong>summam</strong></span> <span class='ocrx_word' id='word_1_196' title='bbox 358 3490 483 3590; x_wconf 83' lang='lat' dir='ltr'><strong>largita</strong></span> <span class='ocrx_word' id='word_1_197' title='bbox 496 3489 705 3587; x_wconf 81' lang='lat' dir='ltr'><strong>potentiam.</strong></span> <span class='ocrx_word' id='word_1_198' title='bbox 756 3491 848 3561; x_wconf 82' lang='lat' dir='ltr'><strong>Nam</strong></span> <span class='ocrx_word' id='word_1_199' title='bbox 865 3489 959 3561; x_wconf 88' lang='lat' dir='ltr'><strong>Erici</strong></span> <span class='ocrx_word' id='word_1_200' title='bbox 969 3487 1065 3564; x_wconf 89' lang='lat' dir='ltr'><strong>filius</strong></span> <span class='ocrx_word' id='word_1_201' title='bbox 1084 3488 1217 3564; x_wconf 85' lang='lat' dir='ltr'><strong>Olavus</strong></span> <span class='ocrx_word' id='word_1_202' title='bbox 1230 3513 1314 3563; x_wconf 89' lang='lat' dir='ltr'><strong>cum</strong></span> <span class='ocrx_word' id='word_1_203' title='bbox 1330 3513 1416 3564; x_wconf 85' lang='lat' dir='ltr'><strong>ma-</strong></span> 
     </span>
     <span class='ocr_line' id='line_1_27' title="bbox 98 3608 1416 3715; baseline -0.001 -26"><span class='ocrx_word' id='word_1_204' title='bbox 98 3633 157 3690; x_wconf 87' lang='lat' dir='ltr'><strong>tre</strong></span> <span class='ocrx_word' id='word_1_205' title='bbox 172 3613 315 3715; x_wconf 81' lang='lat' dir='ltr'><strong>Syritba</strong></span> <span class='ocrx_word' id='word_1_206' title='bbox 331 3617 487 3688; x_wconf 85' lang='lat' dir='ltr'><strong>Svetiam</strong></span> <span class='ocrx_word' id='word_1_207' title='bbox 502 3611 675 3712; x_wconf 85' lang='lat' dir='ltr'><strong>repetivit,</strong></span> <span class='ocrx_word' id='word_1_208' title='bbox 702 3609 826 3710; x_wconf 87' lang='lat' dir='ltr'><strong>ibique</strong></span> <span class='ocrx_word' id='word_1_209' title='bbox 842 3608 978 3711; x_wconf 79' lang='lat' dir='ltr'><strong>degens</strong></span> <span class='ocrx_word' id='word_1_210' title='bbox 995 3635 1147 3712; x_wconf 83' lang='lat' dir='ltr'><strong>reguum</strong></span> <span class='ocrx_word' id='word_1_211' title='bbox 1171 3628 1333 3688; x_wconf 84' lang='lat' dir='ltr'><strong>materno</strong></span> <span class='ocrx_word' id='word_1_212' title='bbox 1348 3639 1416 3688; x_wconf 88' lang='lat' dir='ltr'><strong>ar-</strong></span> 
     </span>
     <span class='ocr_line' id='line_1_28' title="bbox 96 3732 1418 3838; baseline -0.002 -23"><span class='ocrx_word' id='word_1_213' title='bbox 96 3739 208 3815; x_wconf 88' lang='lat' dir='ltr'><strong>bitrio</strong></span> <span class='ocrx_word' id='word_1_214' title='bbox 224 3738 431 3838; x_wconf 81' lang='lat' dir='ltr'><strong>subjectum</strong></span> <span class='ocrx_word' id='word_1_215' title='bbox 443 3734 580 3810; x_wconf 85' lang='lat' dir='ltr'><strong>babuit.</strong></span> <span class='ocrx_word' id='word_1_216' title='bbox 633 3737 683 3808; x_wconf 86' lang='lat' dir='ltr'><strong>lta</strong></span> <span class='ocrx_word' id='word_1_217' title='bbox 699 3735 815 3810; x_wconf 81' lang='lat' dir='ltr'><strong>Sveno</strong></span> <span class='ocrx_word' id='word_1_218' title='bbox 829 3732 959 3810; x_wconf 88' lang='lat' dir='ltr'><strong>eodem</strong></span> <span class='ocrx_word' id='word_1_219' title='bbox 975 3757 1080 3832; x_wconf 86' lang='lat' dir='ltr'><strong>paene</strong></span> <span class='ocrx_word' id='word_1_220' title='bbox 1096 3747 1259 3834; x_wconf 87' lang='lat' dir='ltr'><strong>tempore</strong></span> <span class='ocrx_word' id='word_1_221' title='bbox 1275 3753 1312 3810; x_wconf 88' lang='lat' dir='ltr'><strong>et</strong></span> <span class='ocrx_word' id='word_1_222' title='bbox 1325 3737 1418 3812; x_wconf 90' lang='lat' dir='ltr'><strong>reli-</strong></span> 
     </span>
    </p>
   </div>
   <div class='ocr_carea' id='block_1_3' title="bbox 97 4045 1417 5094">
    <p class='ocr_par' dir='ltr' id='par_1_4' title="bbox 97 4045 1416 4664">
     <span class='ocr_line' id='line_1_29' title="bbox 98 4045 1416 4136; baseline 0.005 -26"><span class='ocrx_word' id='word_1_223' title='bbox 98 4047 229 4132; x_wconf 81' lang='lat' dir='ltr'><strong>adeptua</strong></span> <span class='ocrx_word' id='word_1_224' title='bbox 256 4061 303 4112; x_wconf 80' lang='lat' dir='ltr'><strong>ott</strong></span> <span class='ocrx_word' id='word_1_225' title='bbox 329 4063 377 4129; x_wconf 85' lang='lat' dir='ltr'><strong>et,</strong></span> <span class='ocrx_word' id='word_1_226' title='bbox 404 4047 605 4136; x_wconf 85' lang='lat' dir='ltr'><strong>quadriennio</strong></span> <span class='ocrx_word' id='word_1_227' title='bbox 633 4047 728 4112; x_wconf 89' lang='lat' dir='ltr'><strong>intor-</strong></span> <span class='ocrx_word' id='word_1_228' title='bbox 786 4049 869 4112; x_wconf 86' lang='lat' dir='ltr'><strong>latnr</strong></span> <span class='ocrx_word' id='word_1_229' title='bbox 887 4049 1016 4125; x_wconf 84' lang='lat' dir='ltr'><strong>Saroni,</strong></span> <span class='ocrx_word' id='word_1_230' title='bbox 1055 4045 1108 4110; x_wconf 86' lang='lat' dir='ltr'><strong>sed</strong></span> <span class='ocrx_word' id='word_1_231' title='bbox 1130 4057 1218 4132; x_wconf 86' lang='lat' dir='ltr'><strong>patet</strong></span> <span class='ocrx_word' id='word_1_232' title='bbox 1244 4065 1282 4110; x_wconf 81' lang='lat' dir='ltr'><strong>ex</strong></span> <span class='ocrx_word' id='word_1_233' title='bbox 1314 4048 1416 4116; x_wconf 79' lang='lat' dir='ltr'><strong>verbis</strong></span> 
     </span>
     <span class='ocr_line' id='line_1_30' title="bbox 99 4151 1415 4238; baseline -0.002 -18"><span class='ocrx_word' id='word_1_234' title='bbox 99 4155 195 4238; x_wconf 82' lang='lat' dir='ltr'><strong>jacto,</strong></span> <span class='ocrx_word' id='word_1_235' title='bbox 215 4177 297 4222; x_wconf 81' lang='lat' dir='ltr'><strong>anno</strong></span> <span class='ocrx_word' id='word_1_236' title='bbox 311 4154 373 4222; x_wconf 85' lang='lat'><strong>979</strong></span> <span class='ocrx_word' id='word_1_237' title='bbox 387 4155 554 4220; x_wconf 84' lang='lat' dir='ltr'><strong>trucidatus</strong></span> <span class='ocrx_word' id='word_1_238' title='bbox 568 4151 637 4216; x_wconf 85' lang='lat' dir='ltr'><strong>luit.</strong></span> <span class='ocrx_word' id='word_1_239' title='bbox 671 4154 728 4218; x_wconf 84' lang='lat' dir='ltr'><strong>llla</strong></span> <span class='ocrx_word' id='word_1_240' title='bbox 786 4153 863 4236; x_wconf 89' lang='lat' dir='ltr'><strong>ojus,</strong></span> <span class='ocrx_word' id='word_1_241' title='bbox 881 4173 950 4216; x_wconf 87' lang='lat' dir='ltr'><strong>eum</strong></span> <span class='ocrx_word' id='word_1_242' title='bbox 966 4151 1067 4218; x_wconf 87' lang='lat' dir='ltr'><strong>omnia</strong></span> <span class='ocrx_word' id='word_1_243' title='bbox 1081 4173 1135 4216; x_wconf 80' lang='lat' dir='ltr'><strong>sna</strong></span> <span class='ocrx_word' id='word_1_244' title='bbox 1151 4170 1188 4214; x_wconf 86' lang='lat' dir='ltr'><strong>ex</strong></span> <span class='ocrx_word' id='word_1_245' title='bbox 1207 4155 1320 4216; x_wconf 82' lang='lat' dir='ltr'><strong>Nostro</strong></span> <span class='ocrx_word' id='word_1_246' title='bbox 1335 4173 1415 4218; x_wconf 82' lang='lat' dir='ltr'><strong>anm·</strong></span> 
     </span>
     <span class='ocr_line' id='line_1_31' title="bbox 97 4255 1416 4346; baseline -0.002 -20"><span class='ocrx_word' id='word_1_247' title='bbox 97 4261 195 4346; x_wconf 75' lang='lat' dir='ltr'><strong>iqitnr</strong></span> <span class='ocrx_word' id='word_1_248' title='bbox 215 4260 344 4328; x_wconf 84' lang='lat' dir='ltr'><strong>decessit</strong></span> <span class='ocrx_word' id='word_1_249' title='bbox 367 4263 453 4327; x_wconf 84' lang='lat' dir='ltr'><strong>annia</strong></span> <span class='ocrx_word' id='word_1_250' title='bbox 474 4259 539 4324; x_wconf 85' lang='lat' dir='ltr'><strong>lero</strong></span> <span class='ocrx_word' id='word_1_251' title='bbox 565 4257 728 4324; x_wconf 83' lang='lat' dir='ltr'><strong>duodecim</strong></span> <span class='ocrx_word' id='word_1_252' title='bbox 784 4257 867 4324; x_wconf 84' lang='lat' dir='ltr'><strong>sisse.</strong></span> <span class='ocrx_word' id='word_1_253' title='bbox 939 4257 1112 4342; x_wconf 82' lang='lat' dir='ltr'><strong>Scriptores</strong></span> <span class='ocrx_word' id='word_1_254' title='bbox 1141 4255 1258 4322; x_wconf 82' lang='lat' dir='ltr'><strong>Sontini</strong></span> <span class='ocrx_word' id='word_1_255' title='bbox 1294 4271 1326 4324; x_wconf 87' lang='lat' dir='ltr'><strong>et</strong></span> <span class='ocrx_word' id='word_1_256' title='bbox 1352 4262 1416 4324; x_wconf 76' lang='lat' dir='ltr'><strong>Au·</strong></span> 
     </span>
     <span class='ocr_line' id='line_1_32' title="bbox 98 4360 1415 4456; baseline 0 -25"><span class='ocrx_word' id='word_1_257' title='bbox 98 4380 263 4456; x_wconf 83' lang='lat' dir='ltr'><strong>antequam</strong></span> <span class='ocrx_word' id='word_1_258' title='bbox 282 4370 384 4434; x_wconf 79' lang='lat' dir='ltr'><strong>sveno</strong></span> <span class='ocrx_word' id='word_1_259' title='bbox 404 4369 550 4433; x_wconf 86' lang='lat' dir='ltr'><strong>thronum</strong></span> <span class='ocrx_word' id='word_1_260' title='bbox 565 4362 730 4430; x_wconf 81' lang='lat' dir='ltr'><strong>adscendit.</strong></span> <span class='ocrx_word' id='word_1_261' title='bbox 788 4363 860 4448; x_wconf 75' lang='lat' dir='ltr'><strong>gtici</strong></span> <span class='ocrx_word' id='word_1_262' title='bbox 886 4363 1073 4450; x_wconf 84' lang='lat' dir='ltr'><strong>antiquiores</strong></span> <span class='ocrx_word' id='word_1_263' title='bbox 1102 4360 1228 4426; x_wconf 88' lang='lat' dir='ltr'><strong>omnino</strong></span> <span class='ocrx_word' id='word_1_264' title='bbox 1247 4375 1351 4430; x_wconf 73' lang='lat' dir='ltr'><strong>taceat</strong></span> <span class='ocrx_word' id='word_1_265' title='bbox 1376 4365 1415 4432; x_wconf 82' lang='lat' dir='ltr'><strong>tle</strong></span> 
     </span>
     <span class='ocr_line' id='line_1_33' title="bbox 98 4465 1180 4556; baseline -0.007 -16"><span class='ocrx_word' id='word_1_266' title='bbox 98 4473 235 4540; x_wconf 73' lang='lat' dir='ltr'><strong>Adamas</strong></span> <span class='ocrx_word' id='word_1_267' title='bbox 262 4475 436 4542; x_wconf 84' lang='lat' dir='ltr'><strong>Bremensis</strong></span> <span class='ocrx_word' id='word_1_268' title='bbox 461 4473 514 4538; x_wconf 90' lang='lat' dir='ltr'><strong>lib.</strong></span> <span class='ocrx_word' id='word_1_269' title='bbox 542 4476 569 4536; x_wconf 90' lang='lat'><strong>11</strong></span> <span class='ocrx_word' id='word_1_270' title='bbox 598 4491 664 4556; x_wconf 81' lang='lat' dir='ltr'><strong>cap.</strong></span> <span class='ocrx_word' id='word_1_271' title='bbox 687 4465 729 4532; x_wconf 76' lang='lat'><strong>25</strong></span> <span class='ocrx_word' id='word_1_272' title='bbox 789 4468 884 4534; x_wconf 88' lang='lat' dir='ltr'><strong>hoece</strong></span> <span class='ocrx_word' id='word_1_273' title='bbox 897 4469 1047 4534; x_wconf 77' lang='lat' dir='ltr'><strong>brenonis</strong></span> <span class='ocrx_word' id='word_1_274' title='bbox 1060 4469 1180 4534; x_wconf 88' lang='lat' dir='ltr'><strong>itinere.</strong></span> 
     </span>
     <span class='ocr_line' id='line_1_34' title="bbox 99 4573 730 4664; baseline -0.013 -18"><span class='ocrx_word' id='word_1_275' title='bbox 99 4580 195 4646; x_wconf 80' lang='lat' dir='ltr'><strong>babet</strong></span> <span class='ocrx_word' id='word_1_276' title='bbox 213 4601 418 4648; x_wconf 68' lang='lat' dir='ltr'><strong>tumorem</strong></span> <span class='ocrx_word' id='word_1_277' title='bbox 442 4580 508 4664; x_wconf 86' lang='lat' dir='ltr'><strong>ejus</strong></span> <span class='ocrx_word' id='word_1_278' title='bbox 534 4573 730 4644; x_wconf 75' lang='lat' dir='ltr'><strong>Adelrednnt</strong></span> 
     </span>
    </p>

    <p class='ocr_par' dir='ltr' id='par_1_5' title="bbox 99 4666 1417 4988">
     <span class='ocr_line' id='line_1_35' title="bbox 147 4666 1415 4774; baseline -0.006 -22"><span class='ocrx_word' id='word_1_279' title='bbox 147 4692 201 4752; x_wconf 85' lang='lat' dir='ltr'><strong>&#39;In</strong></span> <span class='ocrx_word' id='word_1_280' title='bbox 214 4691 344 4754; x_wconf 78' lang='lat' dir='ltr'><strong>Seotriarr</strong></span> <span class='ocrx_word' id='word_1_281' title='bbox 355 4683 520 4774; x_wconf 74' lang='lat' dir='ltr'><strong>proficius]</strong></span> <span class='ocrx_word' id='word_1_282' title='bbox 533 4687 651 4748; x_wconf 79' lang='lat' dir='ltr'><strong>Hector</strong></span> <span class='ocrx_word' id='word_1_283' title='bbox 666 4681 733 4768; x_wconf 85' lang='lat' dir='ltr'><strong>qui·</strong></span> <span class='ocrx_word' id='word_1_284' title='bbox 793 4666 803 4685; x_wconf 49' lang='lat'>³</span> <span class='ocrx_word' id='word_1_285' title='bbox 837 4677 995 4766; x_wconf 82' lang='lat' dir='ltr'><strong>²Sspttino]</strong></span> <span class='ocrx_word' id='word_1_286' title='bbox 1009 4678 1160 4744; x_wconf 72' lang='lat' dir='ltr'><strong>nicaeno</strong></span> <span class='ocrx_word' id='word_1_287' title='bbox 1175 4677 1320 4746; x_wconf 66' lang='lat' dir='ltr'><strong>excidite</strong></span> <span class='ocrx_word' id='word_1_288' title='bbox 1333 4681 1415 4750; x_wconf 76' lang='lat' dir='ltr'><strong>vido-</strong></span> 
     </span>
     <span class='ocr_line' id='line_1_36' title="bbox 100 4783 1417 4874; baseline -0.002 -16"><span class='ocrx_word' id='word_1_289' title='bbox 100 4791 173 4858; x_wconf 87' lang='lat' dir='ltr'><strong>dem</strong></span> <span class='ocrx_word' id='word_1_290' title='bbox 185 4793 337 4860; x_wconf 82' lang='lat' dir='ltr'><strong>Boetbins</strong></span> <span class='ocrx_word' id='word_1_291' title='bbox 349 4793 381 4855; x_wconf 94' lang='lat' dir='ltr'><strong>in</strong></span> <span class='ocrx_word' id='word_1_292' title='bbox 394 4791 532 4858; x_wconf 80' lang='lat' dir='ltr'><strong>Historia</strong></span> <span class='ocrx_word' id='word_1_293' title='bbox 543 4787 664 4852; x_wconf 80' lang='lat' dir='ltr'><strong>Section</strong></span> <span class='ocrx_word' id='word_1_294' title='bbox 677 4783 731 4848; x_wconf 88' lang='lat' dir='ltr'><strong>lib.</strong></span> <span class='ocrx_word' id='word_1_295' title='bbox 787 4796 848 4848; x_wconf 85' lang='lat' dir='ltr'><strong>tur.</strong></span> <span class='ocrx_word' id='word_1_296' title='bbox 877 4783 936 4848; x_wconf 80' lang='lat' dir='ltr'><strong>Ed.</strong></span> <span class='ocrx_word' id='word_1_297' title='bbox 951 4786 1059 4872; x_wconf 84' lang='lat' dir='ltr'><strong>Stopb.</strong></span> <span class='ocrx_word' id='word_1_298' title='bbox 1073 4785 1168 4850; x_wconf 85' lang='lat' dir='ltr'><strong>habet</strong></span> <span class='ocrx_word' id='word_1_299' title='bbox 1185 4810 1317 4874; x_wconf 79' lang='lat' dir='ltr'><strong>annoque</strong></span> <span class='ocrx_word' id='word_1_300' title='bbox 1332 4793 1417 4856; x_wconf 72' lang='lat' dir='ltr'><strong>errici</strong></span> 
     </span>
     <span class='ocr_line' id='line_1_37' title="bbox 99 4892 1023 4988; baseline -0.012 -24"><span class='ocrx_word' id='word_1_301' title='bbox 99 4897 324 4988; x_wconf 73' lang='lat' dir='ltr'><strong>x1(psg.247</strong></span> <span class='ocrx_word' id='word_1_302' title='bbox 344 4895 417 4962; x_wconf 81' lang='lat' dir='ltr'><strong>edit</strong></span> <span class='ocrx_word' id='word_1_303' title='bbox 440 4892 578 4983; x_wconf 70' lang='lat' dir='ltr'><strong>rispens.)</strong></span> <span class='ocrx_word' id='word_1_304' title='bbox 599 4892 734 4978; x_wconf 77' lang='lat' dir='ltr'><strong>adstipn·</strong></span> <span class='ocrx_word' id='word_1_305' title='bbox 789 4896 881 4978; x_wconf 73' lang='lat' dir='ltr'><strong>aposita</strong></span> <span class='ocrx_word' id='word_1_306' title='bbox 893 4897 1023 4980; x_wconf 79' lang='lat' dir='ltr'><strong>raptrino.</strong></span> 
     </span>
    </p>

    <p class='ocr_par' dir='ltr' id='par_1_6' title="bbox 157 4999 1228 5094">
     <span class='ocr_line' id='line_1_38' title="bbox 157 4999 1228 5094; baseline -0.004 -22"><span class='ocrx_word' id='word_1_307' title='bbox 157 5025 212 5073; x_wconf 69' lang='lat' dir='ltr'><strong>tar.</strong></span> <span class='ocrx_word' id='word_1_308' title='bbox 227 5025 356 5072; x_wconf 74' lang='lat' dir='ltr'><strong>ors-nst</strong></span> <span class='ocrx_word' id='word_1_309' title='bbox 369 5021 432 5069; x_wconf 80' lang='lat' dir='ltr'><strong>litet.</strong></span> <span class='ocrx_word' id='word_1_310' title='bbox 445 5020 504 5068; x_wconf 77' lang='lat' dir='ltr'><strong>nn.</strong></span> <span class='ocrx_word' id='word_1_311' title='bbox 1151 4999 1228 5094; x_wconf 57' lang='grc' dir='ltr'><strong>(Ἡ)</strong></span> 
     </span>
    </p>
   </div>
   <div class='ocr_carea' id='block_1_4' title="bbox 0 0 1758 5458">
    <p class='ocr_par' dir='ltr' id='par_1_7' title="bbox 0 0 1758 5458">
     <span class='ocr_line' id='line_1_39' title="bbox 0 0 1758 5458; baseline 0 0"><span class='ocrx_word' id='word_1_312' title='bbox 0 0 1758 5458; x_wconf 95' lang='lat' dir='ltr'><strong> </strong></span> 
     </span>
    </p>
   </div>
  </div>
 </body>
</html>
