3442 5456
314 305 449 406 ‘aas
561 359 564 368 Α
729 309 905 384 aaron
919 307 1026 382 nm.
1041 285 1237 384 unsar.

343 532 347 541 '
459 519 675 620 nescioquo
691 517 804 620 stygii
819 519 981 593 nnnu'ru's
996 545 1092 594 arun

459 640 595 714 Missua
609 639 657 715 ab
668 641 800 740 inferis
814 642 962 746 spei-itus
975 645 1085 718 Asm't

461 764 579 840 Saeuis
597 765 774 870 alipedem
788 765 951 842 &nn'brss
968 765 1055 862 edet,

460 885 696 990 Irss'nndaqus
713 913 844 964 canem
851 889 1010 992 praebuit
1027 894 1091 968 ort.

458 1015 538 1085 Nee
551 1027 736 1090 conum
748 1015 835 1115 equi
846 1013 908 1086 uel
917 1015 1024 1088 carus
1038 1039 1118 1105 esa,

460 1137 551 1208 Moe
565 1135 605 1208 in
620 1161 676 1210 me
691 1135 842 1240 rapidos
858 1139 1043 1214 transtulit
1060 1161 1213 1238 napus,

462 1255 697 1362 Dimissoque
708 1285 809 1360 genn
825 1263 966 1338 sustnd't
982 1287 1118 1336 aurens.
1232 1335 1237 1350 ,

424 1483 427 1488 ¹
461 1382 559 1455 Hinc
573 1382 689 1466 laceri
703 1386 824 1458 unitas
837 1386 960 1460 liorret
972 1386 1115 1486 imago,

459 1506 605 1578 mutat
619 1507 825 1608 rnqnesero
844 1510 993 1584 vnlnere
1012 1513 1174 1610 sangnis.

461 1631 580 1704 Haud
595 1629 741 1733 rmpune
758 1647 880 1706 tamen
892 1633 1101 1733 monstrffer
1113 1631 1187 1732 egit
1192 1657 1209 1720 ‚·
1303 1673 1307 1682 ·

464 1755 567 1828 Nam
569 1753 684 1853 ferro
701 1757 799 1830 secui
813 1773 900 1832 mne
914 1772 1028 1861 captet
1038 1755 1132 1856 tp'ns,

462 1875 685 1979 Persodr'qae
697 1904 831 1954 nocens
846 1881 965 1984 stipite
981 1903 1121 1982 corpus.

466 1999 566 2102 Quid
577 2003 738 2102 stupens,
761 2005 825 2104 qui
837 2004 1001 2078 reir'ctum
1019 2029 1076 2078 me
1096 2001 1214 2076 colore
1228 1999 1397 2090 cmrdtis5

468 2121 662 2198 Obsoleseit
678 2146 806 2229 nempe
823 2127 933 2201 urbas
950 2129 1066 2204 amnis
1078 2129 1172 2202 inter
1186 2127 1379 2202 mortum&

333 2241 486 2342 Jamque
501 2248 637 2324 Frotbc
654 2251 691 2322 in
713 2250 873 2351 Halogiae
896 2249 985 2328 fines
1007 2266 1187 2327 emoverat
1206 2247 1375 2338 classem,
1411 2244 1475 2322 nbi
1499 2239 1542 2318 ad
1565 2265 1620 2314 co-

332 2367 575 2462 gnoscendam
587 2371 819 2450 multitudinis
835 2401 910 2450 suae
920 2377 1082 2473 speciem,
1099 2399 1182 2476 quae
1197 2372 1334 2446 numeri
1347 2389 1546 2444 mensuram
1566 2389 1618 2438 aa·

333 2489 593 2592 paritatemque
612 2497 856 2571 transcendere
879 2497 1083 2592 videbatur,
1119 2495 1245 2571 collem
1268 2518 1290 2566 a
1314 2491 1483 2566 militibus
1502 2487 1620 2587 congci

332 2608 445 2708 jubet,
472 2615 598 2692 viritim
615 2616 733 2718 lapide
745 2623 783 2694 in
801 2644 968 2710 acervum
993 2621 1109 2694 misso.
1176 2615 1341 2690 Eundem
1361 2637 1511 2714 qnoque
1530 2610 1620 2684 bustis

332 2737 542 2812 numerandi
558 2743 703 2841 agminis
717 2740 866 2816 modum
880 2756 1022 2816 secutus
1037 2758 1101 2818 est.
1161 2739 1353 2838 Conspicui
1366 2735 1489 2812 adbuc
1510 2733 1620 2808 colles

333 2855 444 2932 fidem
459 2863 656 2938 visentibus
671 2864 841 2963 praebent.
894 2868 960 2938 Hic
974 2848 1120 2956 Protho,
1141 2851 1304 2938 cbnserta
1320 2886 1403 2934 cum
1421 2861 1620 2958 Narvsgien-

334 2979 433 3055 sibus
448 3007 582 3084 pugna,
606 3011 750 3085 gravem
773 2987 934 3062 caedibus
948 2985 1042 3060 diem
1064 2986 1143 3086 egit.
1218 2989 1336 3058 Noctu
1353 2985 1522 3082 utrinque
1536 3003 1621 3050 rece-

334 3105 413 3201 ptui
428 3106 631 3181 consultum
649 3125 709 3182 est.
767 3114 964 3209 Appetente
980 3107 1140 3182 diluculo
1156 3115 1332 3182 terrestria
1347 3089 1557 3205 permensus
1569 3125 1622 3175 sn·

332 3230 492 3325 pervenit
515 3231 649 3304 Ericus.
715 3235 782 3306 Hic
803 3235 878 3333 regi
897 3247 1075 3306 certamen
1100 3231 1258 3330 suggerit
1277 3228 1492 3302 iterandum.
1557 3229 1621 3318 Quo

333 3349 433 3425 bello
450 3366 545 3424 tanta
560 3352 605 3425 de
623 3355 734 3430 Danis
751 3370 885 3454 strages
901 3369 1047 3453 accepta
1062 3368 1125 3446 est,
1150 3369 1190 3426 ut
1204 3378 1224 3426 e
1242 3355 1347 3428 ternis
1365 3355 1513 3427 navium
1530 3345 1622 3422 milli-

333 3475 404 3548 bus
426 3473 512 3550 solae
537 3493 675 3548 centum
695 3484 917 3577 septuaginta
937 3480 1144 3575 superstites
1157 3476 1267 3550 fuisse
1293 3473 1495 3553 credamur.
1543 3477 1622 3546 Nor-

333 3598 454 3668 manni
470 3622 556 3671 vero
578 3614 650 3672 tam
675 3601 782 3676 vasta'
798 3601 899 3675 clade
928 3599 1038 3674 deleti
1062 3614 1157 3690 sunt,
1184 3615 1223 3674 ut
1244 3598 1340 3672 fama
1367 3601 1426 3690 εἰῑ,1
1447 3623 1491 3672 ne
1509 3597 1622 3696 quinte
1673 3663 1676 3676 .

334 3716 478 3818 quidem
498 3721 658 3796 vicorum
672 3725 784 3820 parti³
804 3725 1016 3798 remansisse
1031 3721 1215 3798 cultorem.

379 4032 389 4066 ¹
402 4027 486 4112 Quid
496 4033 659 4128 stupetis
681 4036 773 4094 amnis
788 4037 864 4094 inter
880 4056 956 4095 mom
1015 4047 1067 4092 om
1075 4028 1215 4094 Norden
1222 4027 1548 4116 gamleDigtelsuustS
1555 4018 1623 4096 140)

333 4130 413 4214 taos]
435 4136 506 4197 Duo
526 4136 666 4198 versiculi
694 4150 744 4201 ter
772 4149 953 4221 repetuntur
1015 4134 1084 4196 Da
1075 4153 1141 4218 ipsa
1167 4155 1240 4198 rero
1260 4136 1409 4200 Asmnadi
1431 4149 1464 4200 et
1481 4128 1623 4201 Asritibi·

331 4257 390 4322 pro
419 4241 536 4304 ratione
574 4244 740 4306 carminum
774 4243 954 4324 borealium,
1014 4243 1110 4306 storia
1128 4241 1188 4307 rid.
1209 4257 1273 4308 not.
1293 4243 1378 4307 uber.

330 4365 460 4428 quorum
474 4367 553 4432 qum,
572 4352 694 4437 Drapnr
711 4348 808 4427 dicta,
830 4347 867 4412 ad
890 4348 955 4413 for·
1061 4352 1244 4437 ²Conspicui
1265 4353 1359 4414 adhuc
1382 4348 1483 4432 saltn]
1504 4353 1548 4412 De
1568 4341 1624 4406 ntr-

331 4453 373 4516 tia
388 4449 469 4517 iacta
486 4453 595 4516 ducum
616 4453 795 4518 celebranda
815 4455 954 4540 inprimis
1014 4453 1069 4518 bas
1092 4457 1231 4536 collibus,
1258 4457 1312 4543 qui
1334 4455 1488 4542 lapidibus
1501 4459 1622 4518 constant
1688 4453 1689 4537 t

331 4555 466 4622 adbibita
487 4557 627 4640 luerunt,
657 4579 759 4625 versus
782 4562 955 4626 habuerunt
1016 4563 1167 4644 congestis
1188 4575 1219 4626 et
1243 4565 1355 4649 passim
1378 4565 1408 4626 in
1432 4557 1577 4644 Ncrregie
1597 4563 1623 4614 ti

331 4662 535 4745 intercalares,
555 4671 630 4754 Stes
642 4667 755 4748 dictos,
776 4669 909 4754 quibus'
899 4683 956 4734 rte·
1013 4669 1120 4733 Srecia
1134 4668 1233 4734 adbuc
1240 4671 1387 4750 vacatur,
1400 4665 1464 4732 vid.
1475 4662 1621 4730 accubet·

332 4768 406 4832 ratis
425 4755 552 4853 singulm
576 4776 716 4838 carminis
747 4775 884 4860 stropha
905 4777 953 4838 vet
1059 4777 1130 4840 ’Ne
1150 4796 1257 4861 quinta
1272 4780 1525 4864 qnidamw'cornm
1535 4792 1589 4858 pat
1576 4756 1622 4841 ru]

333 4886 434 4958 partes
447 4873 705 4960 distinguerentur
721 4877 814 4958 (enfr.
825 4881 951 4946 Olalsen
1014 4881 1103 4945 Haud
1127 4881 1219 4967 dabis
1244 4890 1384 5010 nanim
1392 4879 1531 4946 Uanicus
1548 4869 1620 4940 adhr-
