3458 5454
423 1360 650 1476 Saxonis
684 1361 1033 1476 Grammatiei
1065 1357 1312 1471 Historia.
1346 1359 1566 1470 Danieae

771 1569 935 1656 Liber
966 1567 1215 1658 Octavus.

1690 1863 1691 1896 l

335 1899 552 2014 Historiam
568 1939 655 2014 belli
675 1943 801 2015 Svetici
814 1938 1069 2033 Starcatherus,
1093 1939 1157 2038 qui
1175 1953 1210 2011 et
1225 1936 1388 2038 ejusdem
1407 1935 1518 2039 praelii
1542 1964 1622 2040 pra·

335 2065 481 2158 cipuom
498 2061 664 2136 columen
679 2081 769 2157 erat,
793 2063 1110 2162 primus¹'Dauico
1131 2059 1274 2160 digessit
1296 2061 1455 2160 eloquio,
1471 2065 1623 2135 memorie

335 2187 450 2282 magis
475 2211 586 2284 quam
610 2183 715 2260 literis
739 2183 941 2260 traditum2.
1003 2184 1116 2282 Cujus
1140 2185 1268 2256 seriem
1289 2183 1337 2256 ab
1360 2187 1444 2284 ipso
1467 2210 1623 2286 promore
1690 2249 1691 2328 1

333 2313 452 2403 patrio
479 2307 672 2406 vulgariter
696 2307 828 2380 editam
850 2307 1099 2450 digestamrpue
1122 2303 1299 2379 Latialiter
1317 2308 1506 2406 complecti
1529 2326 1623 2382 statu·

334 2431 434 2522 ens³,
458 2435 617 2528 inprimis
638 2435 948 2530 praestantissimos
975 2444 1162 2526 utriusque
1193 2435 1303 2526 partis
1322 2455 1501 2528 proceres
1518 2456 1622 2506 receu-

334 2551 434 2625 sebo.
494 2557 620 2652 Neque
636 2557 728 2625 enim
751 2553 836 2627 mihi
858 2551 1119 2626 multitudinem
1144 2551 1405 2651 complectendi
1432 2552 1557 2652 cupido
1578 2554 1623 2624 iu·

336 2681 450 2766 cessit,
477 2701 589 2774 quam
605 2702 650 2746 ne
665 2677 814 2773 praecise
829 2674 974 2774 quidem
989 2699 1160 2752 uumerus
1175 2681 1277 2773 capit.
1310 2679 1364 2750 ‘Et
1378 2679 1481 2774 prius
1495 2701 1561 2776 eos,
1576 2675 1623 2772 qui

384 2966 536 3052 manu]
547 2970 649 3034 lnuuit
663 2970 754 3049 Saxo,
774 2968 877 3054 plures
891 2981 963 3056 post
1017 2966 1122 3052 'tuens]
1136 2972 1248 3034 Sensus
1266 2965 1317 3032 hic
1337 2978 1402 3050 est,
1425 2973 1566 3036 Saxomu
1575 2991 1623 3033 ou·

336 3076 563 3140 Starcatherom
580 3076 738 3139 historiam
756 3075 830 3138 belli
851 3076 965 3140 Stetiti

336 3201 500 3261 enarrasse,
522 3182 603 3244 haud
622 3181 714 3246 dubie
737 3183 899 3270 respiciens
923 3181 961 3245 ad

336 3288 419 3350 varia
439 3289 477 3351 de
499 3287 559 3352 ltoe
579 3288 818 3358 bello.eat·mina
838 3311 891 3352 sue
909 3287 961 3351 ad·

335 3392 395 3464 ltuc
408 3406 499 3460 atate
517 3389 646 3478 vulgata.

379 3546 551 3605 ”dlemort're
564 3549 661 3629 magis
688 3565 773 3628 quum
794 3544 888 3606 literas
901 3559 965 3605 tra·

335 3646 441 3728 ditum]
462 3649 619 3711 Sententia
642 3649 731 3728 hujus
754 3651 816 3712 loci
839 3663 869 3713 et
890 3670 964 3713 cou-

333 3755 462 3817 structio
476 3753 585 3817 mendo
595 3756 755 3838 scripturae
769 3757 891 3820 turbata
905 3769 959 3820 est.

335 3859 444 3925 Omnia
455 3859 963 3948 meliusssnunt,sienmstephanio

334 3987 392 4051 pro
407 3969 550 4029 trudt'tum
562 3967 688 4050 legimus
704 3971 855 4034 traditam·
884 3977 963 4038 Tum

335 4073 385 4136 hic
412 4073 517 4159 prodit
539 4093 657 4138 sensus:
690 4075 858 4142 Historiam
887 4083 961 4146 belli

335 4181 476 4243 Steticia
497 4181 694 4246 Starcathero
713 4186 846 4247 carmine
867 4190 961 4250 Dani-

335 4306 372 4347 co
387 4287 570 4349 celebratam
579 4309 641 4349 non
653 4290 859 4375 consignatam
871 4297 961 4358 exsti-

335 4393 407 4454 tisse
446 4395 600 4458 literarum
639 4401 861 4479 monumentis,
907 4401 960 4464 sed

336 4499 510 4560 memoriter
524 4499 561 4561 ad
585 4515 705 4567 aetatem
723 4525 815 4590 usque
834 4511 960 4572 Saxonis

337 4603 428 4666 luisse
441 4605 592 4669 traditam.

383 4777 510 4837 ³Serr'em
534 4822 556 4838 ..
579 4783 720 4842 latialiter
734 4785 884 4866 complecti
898 4802 960 4847 stit-

1021 3077 1103 3140 mina
1129 3077 1317 3140 Starcatheri
1352 3075 1390 3139 de
1416 3077 1498 3143 bello
1526 3078 1622 3144 Stetiec
1690 3117 1691 3156 ,

1022 3182 1124 3266 lingva
1142 3181 1258 3266 vulgari
1270 3203 1329 3266 pro
1348 3185 1476 3268 antiquo
1491 3187 1622 3248 Dauoruu

1021 3308 1106 3350 more
1119 3289 1300 3351 concinnata
1309 3308 1452 3354 sermone
1460 3292 1549 3354 latino
1560 3307 1631 3351 con·

1020 3393 1116 3478 plecti
1135 3395 1223 3459 velle.
1278 3395 1372 3458 Plura
1397 3395 1439 3458 de
1457 3394 1622 3460 rationale

1021 3520 1089 3560 rum
1112 3499 1282 3562 carminum
1300 3501 1332 3563 in
1359 3502 1443 3564 notia
1461 3499 1622 3566 ulterioribus

1022 3605 1113 3668 crisio
1128 3604 1264 3668 historia
1285 3608 1476 3672 Starcatheri
1492 3609 1623 3672 contium-

1023 3710 1105 3773 tibus
1119 3709 1278 3774 afferenda
1292 3727 1390 3778 erunt.
1434 3718 1494 3780 Hic
1509 3725 1622 3778 conotus

1022 3841 1055 3884 se
1065 3819 1202 3901 suflicit,
1214 3821 1275 3904 jam
1292 3821 1391 3904 ipsam
1406 3823 1556 3886 nominum
1569 3839 1624 3880 enn-

1022 3929 1220 3990 merationem
1244 3926 1333 3990 fidem
1355 3925 1459 3994 lacere
1477 3926 1623 4002 Saxonis·

1023 4035 1188 4098 versiculos
1218 4035 1351 4098 Danicos
1370 4023 1515 4098 'secutum
1541 4032 1622 4099 tame,

1023 4141 1177 4204 asserenti.
1238 4144 1366 4204 Nomina
1388 4143 1467 4204 enim
1490 4135 1621 4224 sequeutia

1020 4244 1086 4309 fere
1116 4247 1217 4310 omnia
1243 4248 1281 4310 ab
1305 4249 1393 4312 initio
1417 4247 1456 4311 ad
1476 4247 1559 4309 linem
1576 4243 1621 4304 lot

1021 4351 1130 4416 ordine
1150 4369 1360 4434 recensentur,
1390 4368 1426 4418 ut
1452 4354 1541 4418 literis
1558 4367 1621 4410 asso·

1018 4460 1162 4524 nantibus
1188 4463 1270 4547 leges
1298 4475 1419 4526 servent
1450 4458 1577 4522 metricas
1595 4464 1619 4512 et

1019 4565 1144 4650 quidem
1174 4569 1354 4632 nominatim
1388 4571 1469 4653 leges
1502 4557 1619 4629 carminis

1018 4673 1051 4733 in
1077 4672 1163 4736 Edda
1189 4678 1394 4742 Snorroniana
1428 4673 1472 4759 (p.
1501 4665 1557 4736 266
1581 4663 1617 4729 ed

1019 4777 1113 4860 uase)
1129 4780 1360 4870 Star·lrather·lag
1375 4784 1455 4848 dicti.
