3458 5454
573 243 608 328 ᾳ
656 323 853 398 stolatus,
1290 321 1362 400 341

103 533 202 606 alteri
220 557 317 606 curse
338 533 429 604 foret
452 533 599 606 amicitis
624 533 767 632 junctos
785 530 871 605 odio
890 549 1112 629 sequestrare
1142 553 1175 606 et
1195 533 1413 610 simultatum

100 669 218 752 pestes
243 652 387 728 alteruis
403 652 573 730 ventilare
594 653 755 728 dissidiis.
814 654 980 726 Primum
992 655 1114 754 itaque
1130 655 1295 730 Bolvisus
1313 655 1414 754 apud

101 777 212 876 Sigsri
228 774 321 851 filios
331 775 512 849 Hamundi
525 775 690 851 sobolem
703 776 813 876 pleno
826 775 1086 850 obrectationis
1103 777 1289 888 mendacio
1307 777 1409 850 laee-

99 899 213 987 rabat,
239 894 428 988 affirmans,
450 923 530 972 eam
552 923 738 999 nunquam
763 897 835 972 fida
852 923 943 996 pace
966 902 1141 980 societatis
1161 903 1244 1000 jura
1267 925 1412 974 servare

98 1019 259 1111 solitam,
289 1020 390 1094 bello
409 1024 529 1120 potius
552 1047 662 1119 quam
685 1021 821 1096 loedere
846 1021 1106 1096 continendam.
1163 1027 1286 1121 ltaque
1299 1025 1411 1122 juve·

96 1167 186 1216 num
199 1148 362 1240 pactione
377 1159 563 1242 perrupta,
590 1143 734 1216 Helvin¹
764 1162 799 1217 et
821 1143 1052 1236 Hamundus,
1079 1143 1288 1243 Hagbartho
1315 1169 1408 1244 pro-

96 1263 158 1339 cul
175 1281 314 1366 agente,
329 1292 349 1338 a
369 1267 482 1364 Siguri
496 1263 575 1338 liliis
589 1263 653 1337 Alf
662 1283 697 1339 et
712 1266 856 1366 Algero,
873 1265 1036 1364 praelium
1054 1267 1295 1357 inlerentibus,
1310 1263 1410 1364 apud

63 1368 69 1378 Ι
95 1403 254 1487 portum,
279 1389 342 1486 qui
365 1389 469 1460 Sinus
490 1388 671 1494 [inmundi
697 1388 842 1482 dicitur,
866 1392 1130 1487 opprimuntur.
1185 1393 1284 1483 Quos
1301 1389 1407 1486 Hag-

95 1509 249 1584 barthus
276 1507 510 1607 postmodum
546 1517 690 1612 integris
721 1507 857 1584 viribus
888 1513 1142 1608 superveniens
1174 1521 1210 1583 in
1238 1509 1408 1584 ultionem

97 1635 246 1706 fratrum
265 1631 363 1704 bello
389 1636 621 1730 consumpsit.
681 1629 911 1732 Hildigisleus
930 1632 1055 1707 ambas
1080 1649 1179 1707 nates
1200 1632 1270 1706 telo
1295 1631 1408 1728 traje-

95 1773 173 1830 ctus
199 1753 358 1828 elabitur.
435 1757 524 1847 Quae
556 1779 613 1828 res
638 1752 917 1828 insectandorem
943 1755 1016 1827 risu
1039 1757 1240 1828 Teutonum
1265 1753 1408 1828 occasio

95 1881 218 1970 extitit,
244 1872 345 1976 quod
363 1873 551 1973 opprobrii
565 1891 649 1948 nota
664 1874 781 1975 plagae
799 1875 1005 1950 deformitas
1023 1901 1095 1948 non
1113 1895 1255 1950 careret.

228 1999 312 2071 Post
325 1995 403 2068 haec
417 1997 646 2096 Hagbarthus
663 1998 829 2070 muliebri
848 2015 983 2096 corpus
999 1998 1097 2072 cultu
1121 2001 1306 2090 instruens,
1322 2011 1406 2069 tan-

92 2147 203 2220 quam
220 2121 330 2220 Sigari
354 2117 465 2192 filiam
481 2121 634 2192 fraterna
655 2119 757 2209 obde
772 2145 843 2192 non
867 2119 1005 2212 laeserit,
1031 2120 1208 2195 solitarius
1234 2145 1313 2194 eam
1337 2143 1405 2190 so·
1513 2135 1516 2142 '

91 2259 208 2344 ceptae
229 2243 477 2342 promissionis
500 2241 630 2315 fiducia
649 2247 792 2340 repetit,
817 2242 900 2340 plus
917 2243 1111 2337 securitatis
1129 2267 1172 2313 ex
1192 2243 1305 2339 ipsius
1322 2237 1410 2328 fide,

91 2391 209 2468 quam
221 2389 289 2439 sno
305 2365 460 2438 facinore
475 2362 676 2438 formidinis
689 2361 907 2435 contrahens.
953 2362 1055 2436 Adeo
1072 2360 1187 2434 libido
1203 2359 1406 2460 periculum

91 2493 297 2564 coutemnit.
356 2491 402 2559 Et
414 2511 460 2558 ue
472 2485 684 2586 profectioni
707 2510 815 2558 causa
829 2484 963 2574 ‚deesse
989 2482 1177 2572 videretur,
1202 2501 1407 2582 pugnacem

90 2615 246 2686 liaconis
264 2609 455 2686 iumulam²
475 2607 689 2708 profitendo,
713 2608 924 2706 legationem
948 2593 1026 2706 ejus
1051 2605 1099 2678 ad
1125 2607 1286 2706 Sigerum
1313 2622 1404 2702 pcr-

91 2740 188 2810 lerre
201 2761 240 2808 se
255 2732 347 2806 dixit.
412 2735 579 2830 Cumque
601 2747 708 2804 noctu
723 2736 811 2804 inter
829 2728 1064 2830 pedissequos
1081 2727 1243 2803 cubitum
1260 2731 1404 2826 recipe·

88 2851 197 2933 retur
215 2853 400 2956 pedesque
426 2857 458 2928 ei
473 2854 521 2926 ab
539 2852 713 2926 ancillulis
737 2851 881 2928 lavandi
897 2851 1014 2927 officio
1030 2867 1327 2952 pertergerentur,
1342 2851 1403 2920 in·-

90 2995 302 3080 terrogatus,
322 2976 414 3076 quid
439 2974 590 3076 hispidis
612 2975 704 3060 odeo
731 2976 898 3050 cruribus
927 2991 1020 3050 esset
1053 2997 1253 3074 manusque
1276 2997 1403 3070 parum

89 3101 216 3178 blandi
230 3114 415 3174 contactus
432 3096 590 3189 baberet,
614 3096 685 3170 hoc
707 3096 818 3172 modo
837 3097 1038 3198 respondit:

227 3276 230 3282 ,
292 3221 393 3321 Quid
410 3219 499 3292 nuri
510 3237 669 3292 tenerum
687 3220 788 3292 nobis
801 3221 990 3298 mueseere
1010 3219 1123 3292 subtel
1120 3274 1135 3312 ,

346 3349 392 3416 Et
404 3345 532 3442 longos
546 3342 639 3415 lrirto
656 3366 760 3414 crure
775 3369 925 3415 ntonerc
937 3343 1033 3444 pilos
1043 3397 1058 3430 ,

294 3466 525 3568 caiptancas
540 3465 641 3538 totuis
656 3463 816 3562 subjecta
835 3465 946 3538 reir'sit
963 3465 1107 3536 harena
1111 3518 1126 3552 ,

340 3597 387 3664 Et
401 3615 529 3692 vepres
550 3590 706 3662 medsbm
723 3591 925 3690 corripuere
935 3581 1126 3688 gradum?
1211 3567 1218 3579 ¹

290 3721 398 3790 Nune
409 3713 507 3784 saltu
522 3737 647 3784 nemus
664 3712 847 3814 experior,
873 3736 971 3784 nunc
982 3734 1132 3810 cequora
1148 3731 1272 3794 ceusu,

341 3841 448 3910 Nune
460 3861 578 3928 moro,
597 3859 694 3906 nunc
710 3835 826 3922 cellar,
848 3859 945 3906 nuno
960 3833 1028 3904 iter
1042 3829 1143 3902 unda
1162 3826 1260 3901 nu'lu'.
1301 3875 1308 3887 ·

292 3959 364 4030 Sed
381 3956 660 4058 nequeflrrrau's
675 3958 881 4032 conclusum
899 3955 1050 4034 acerbus
1067 3953 1168 4040 uber,

342 4087 419 4154 Aut
420 4079 561 4179 jaculis
574 4081 712 4152 solitum
731 4077 992 4178 missilibusque
1005 4076 1140 4178 premi,

292 4203 354 4310 Ad
369 4219 504 4276 tactum
520 4219 640 4276 vestro
654 4205 773 4304 potuit
786 4201 989 4276 ntollescere
1004 4199 1091 4288 ritu,

136 4475 147 4508 ¹
167 4461 291 4546 Helvio]
311 4461 368 4526 Ed.
389 4483 437 4546 pr.
465 4460 558 4528 habet
571 4463 639 4546 Ais,
662 4463 715 4530 setl
775 4461 920 4538 liaconis,
939 4457 1042 4522 leniris
1058 4453 1246 4538 {tuguri-uhi,
1269 4451 1321 4514 sed
1337 4455 1402 4520 lla-

85 4593 228 4668 errorem
244 4566 564 4632 libreriimanilestum
579 4589 634 4631 suo
650 4568 717 4651 jure
775 4565 859 4627 conis
877 4562 1048 4627 Siniandiei.
1106 4563 1182 4622 liaeo
1202 4569 1301 4620 antem
1332 4577 1401 4618 eum

85 4679 226 4747 correxit
238 4675 419 4761 stephanius
434 4673 577 4760 ponendo
596 4678 717 4738 Heloria.
774 4670 873 4754 aliqua
891 4670 954 4732 reri
975 4668 1075 4752 specie
1103 4665 1183 4728 baud
1207 4663 1325 4726 narrari
1345 4683 1400 4746 po·

774 4785 907 4850 tuerent,
928 4773 983 4836 nisi
999 4785 1150 4850 caretate,
1171 4793 1230 4854 que
1238 4781 1400 4842 constaret,

134 4893 326 4970 ’Pugnoccnt
339 4879 637 4972 Haeortelrsomulom]
648 4885 715 4946 Non
775 4881 849 4947 tait!
863 4881 977 4964 [totilas
994 4879 1146 4943 militasse.
