3458 5454
395 331 470 411 362
739 325 1186 405 sessonensium
1201 325 1274 400 vll.

342 529 723 623 didonisdesomrtuse.
742 533 939 628 mulctum,
964 537 1112 616 motoris
1135 533 1217 613 luoo
1239 559 1370 615 cnm
1387 539 1439 613 eis
1459 544 1619 637 proponi¹

343 661 489 732 enavit.
565 663 647 751 Quo
667 657 769 742 iactu
785 657 875 756 quid
897 656 1004 732 aliud·
1020 683 1103 735 cunr
1127 665 1271 758 asmqni
1295 659 1452 738 vohun
1470 677 1624 758 putemus,

342 793 512 875 quamut
526 777 656 877 plenus
682 779 864 874 superbire
881 779 1064 879 populus²
1084 779 1427 858 insolentiamsuoru
1449 783 1625 858 marieu-

343 923 388 974 us
409 901 526 998 puniri
548 917 797 1000 cognosceret,
824 899 915 976 dum
940 902 1093 988 obnixos
1124 900 1260 976 lauans
1281 907 1433 978 vertices
1463 902 1626 976 inclinaret

342 1025 389 1096 Et
409 1049 455 1096 ne
472 1023 563 1122 quid
576 1023 799 1098 contumeliae
814 1021 962 1112 deesset,
977 1039 1137 1122 satrapas
1153 1027 1379 1122 procuravit,
1407 1029 1471 1124 qui
1490 1023 1555 1098 suh
1567 1026 1627 1121 ejus

345 1143 445 1218 titulo
470 1150 605 1244 privato
635 1171 678 1218 ac
705 1143 853 1243 publica
874 1148 1014 1245 negotiu
1041 1163 1237 1223 tuerentur.
1309 1148 1426 1244 Cujus
1447 1149 1545 1220 ctiam
1565 1148 1626 1244 jugi

343 1273 592 1366 constantique
614 1265 784 1340 custodiae
819 1264 1005 1342 distinctos
1039 1291 1233 1365 procerum
1263 1267 1412 1352 ordines
1442 1267 1628 1366 applicubat

343 1395 467 1471 Statuit
481 1391 637 1488 insuper,
652 1407 693 1464 ut
709 1395 737 1474 si
754 1392 834 1486 quis
850 1388 1169 1468 aulicorum'ducis
1191 1391 1248 1466 sui
1263 1387 1630 1488 despicabiledruissst
1688 1377 1689 1464 ζ

344 1513 575 1611 obsequium,
615 1513 807 1608 variosque
830 1507 1060 1587 dlucurrentis
1086 1517 1241 1592 incessus
1272 1511 1388 1610 plenis
1423 1513 1628 1588 emersurus
1688 1509 1689 1524 ¹

343 1633 526 1732 obsequiis
542 1635 680 1732 insequi
693 1631 965 1730 supersedisset,
983 1633 1228 1711 meruhrsrum
1244 1632 1348 1709 clude
1372 1633 1548 1735 supplicia
1560 1633 1627 1706 lue-

343 1775 407 1833 ret.
460 1755 531 1830 Sed
552 1772 587 1830 et
602 1757 782 1855 geminum
806 1756 905 1853 genti
920 1755 1092 1856 vectigal³
1118 1757 1299 1854 imposuit,
1322 1781 1438 1833 unum
1459 1773 1627 1830 autumna-

343 1878 441 1955 libus
462 1879 590 1975 copiis,
611 1875 762 1950 alterum
786 1875 924 1950 vernali
947 1893 1108 1976 tempure
1129 1876 1424 1975 persolvendum.
1487 1881 1534 1951 lta
1551 1879 1627 1948 llor-

344 2001 564 2099 sagiensium
588 2015 726 2075 tumore
755 1999 904 2095 exploso
941 1999 1129 2076 obtentum
1155 2016 1229 2091 est,
1267 2015 1307 2075 ut
1335 1998 1509 2100 liquidius
1539 1997 1628 2072 sastm

343 2122 400 2196 sui
414 2120 622 2196 detrimenta
639 2137 904 2220 cognoscerent,
920 2145 1031 2221 quem
1045 2124 1179 2197 cauiuis
1195 2120 1364 2198 eductum
1384 2122 1563 2222 obreptis
1580 2120 1627 2196 ri·

343 2243 477 2323 duent
1291 2307 1294 2318 .
1688 2249 1689 2298 l

477 2363 634 2443 tudima
659 2381 780 2442 autem
800 2366 894 2466 regis
915 2365 1026 2441 filiam
1043 2365 1254 2467 ¹longinquis
1280 2364 1469 2452 occlusum
1489 2361 1627 2452 latibulis,

344 2487 512 2564 omnibus
541 2489 668 2588 irrguui
688 2495 807 2564 nervis
828 2488 877 2563 ad
900 2514 980 2564 eam
1007 2487 1289 2588 investigandam
1316 2485 1506 2565 contendis
1565 2489 1627 2576 Quo

344 2618 471 2704 evcnit,
485 2627 535 2704 ut,
549 2609 638 2692 dum
652 2612 732 2708 ipse
748 2634 897 2708 quoque
912 2610 1085 2686 lustrandi
1100 2615 1188 2684 inter
1202 2609 1290 2684 ulios
1306 2609 1425 2686 officio
1440 2609 1628 2708 iungeretur,

342 2727 564 2811 subterranei
579 2733 774 2809 murmuris
790 2755 917 2806 sonum
930 2731 1043 2808 dubis
1058 2729 1185 2832 procul
1201 2757 1288 2805 uure
1304 2731 1497 2832 colligeret.
1550 2733 1628 2800 Tunc
1688 2721 1689 2724 '

343 2858 477 2950 sensim
492 2876 706 2954 progressus
720 2857 907 2928 certiorem
928 2854 1097 2928 humanae
1117 2859 1212 2932 vocis
1229 2854 1397 2931 habitum
1413 2849 1627 2954 deprehendit

345 2981 510 3076 Cruuque
524 2975 723 3072 subjectam
736 2974 888 3072 pedibus
904 2977 1054 3053 humum
1071 2975 1366 3052 adsolidumfodi
1372 2979 1542 3077 jussisset,
1552 2971 1627 3049 suls·

207 3160 212 3171 .
344 3101 395 3174 ito
416 3115 558 3196 patente
579 3121 690 3172 caven
712 3097 934 3173 cuniculatos
956 3098 1202 3175 animadvertit
1218 3098 1407 3174 ardractun
1458 3096 1628 3178 Truta'dtiit

345 3227 463 3320 itaque
488 3218 650 3313 famulis,
672 3218 760 3315 dum
786 3217 941 3294 detectos
963 3223 1055 3297 autri
1084 3220 1202 3297 aditus
1225 3223 1315 3297 tueri
1336 3225 1507 3321 cupiunt,
1534 3217 1630 3322 puella
1674 3281 1678 3294 .

345 3367 430 3418 cum
451 3347 611 3440 repositis
632 3344 720 3417 inibi
739 3342 865 3440 spoliis
890 3368 979 3418 ouvo
1005 3341 1207 3421 extrahitur.
1248 3347 1356 3438 ·Quae
1377 3367 1498 3431 rerum
1521 3341 1628 3417 admo-

234 3481 241 3502 ·
346 3463 434 3553 dum
447 3464 599 3563 provida
614 3468 748 3564 patrios
763 3463 932 3558 duntaxat
955 3491 1057 3542 enses
1072 3467 1268 3540 secretioris
1287 3468 1459 3542 custodire
1477 3483 1628 3552 rotemer-

277 3579 280 3586 λ
345 3604 384 3661 to
401 3586 601 3662 tradiderat.
652 3590 738 3662 Haec
754 3611 776 3658 a
790 3591 961 3662 Gunnaro
984 3605 1149 3688 stuprum
1175 3591 1250 3687 pati
1272 3605 1398 3663 coacta
1425 3589 1537 3663 filium
1556 3608 1629 3684 pm·

346 3725 444 3784 creat
466 3709 700 3812 Hildigerum.
760 3713 825 3786 Cui
840 3727 936 3784 tuntn
952 3727 1110 3809 paternus
1139 3707 1358 3784 crudelitatis
1382 3711 1557 3786 aemulatio
1571 3703 1628 3788 soit,

314 3919 318 3930 ¹
346 3847 386 3904 ut
401 3831 556 3908 csedium
574 3855 716 3931 semper
751 3848 924 3932 appetens
948 3849 983 3906 et
1004 3833 1171 3909 humenis
1187 3831 1306 3908 solum
1325 3834 1481 3908 intentus
1512 3817 1629 3906 ercidiis

345 3955 516 4027 immensa
533 3953 706 4029 fundendi
720 3955 854 4027 cruoris
869 3954 1036 4053 cupidine
1060 3957 1261 4055 suspiraret
1322 3959 1439 4056 igitur
1455 3955 1504 4029 ob
1519 3947 1628 4025 intole-

346 4075 475 4152 rabiles
494 4079 639 4156 saevitiae
654 4101 774 4152 mores
790 4092 923 4176 apatre
939 4080 1172 4178 proscriptus,
1185 4101 1342 4177 moxque
1357 4077 1406 4152 ab
1422 4075 1566 4152 livero*
1581 4087 1628 4166 ty·

392 4379 521 4442 ‘Canem
534 4373 732 4467 rt'sproepom]
746 4379 793 4440 De
806 4369 880 4440 cene
897 4395 970 4461 rege
1027 4396 1120 4464 quum
1133 4374 1304 4460 exemplum
1320 4385 1352 4436 et
1374 4372 1469 4438 veluti
1485 4363 1627 4454 symbola!

346 4477 408 4547 vid.
426 4497 491 4567 npt.
506 4483 590 4547 uber.
697 4528 701 4537 -
1027 4502 1154 4545 summm
1184 4477 1342 4562 injustitias
1368 4497 1406 4544 ex
1439 4475 1537 4542 reditu
1560 4467 1628 4534 uniti

398 4592 529 4653 ²an
549 4591 689 4679 superbire
698 4585 841 4678 populus]
858 4582 971 4670 Ncgsri
1028 4587 1100 4652 unni
1117 4584 1229 4671 duplex
1243 4585 1374 4670 vectigal
1387 4584 1515 4670 exigere.

347 4694 464 4776 nequis,
481 4707 620 4760 sutorem
632 4695 683 4758 hio
696 4692 828 4778 prodere
839 4703 974 4756 urentem
1074 4689 1226 4774 ⁴Alorco]
1247 4693 1303 4755 llis
1334 4691 1464 4756 Ais-sm
1487 4682 1561 4750 infra
1585 4693 1626 4740 ret

346 4799 496 4883 Norregis
512 4821 620 4886 pnrnrn
640 4797 804 4866 isrmtem.
1030 4799 1148 4866 Suettio
1166 4797 1285 4862 dicitur.
1332 4801 1425 4862 Hunc
1448 4807 1545 4859 sutem
1564 4775 1627 4849 llud

393 4907 565 4970 ’annum
583 4903 725 4990 mergat]
748 4903 890 4970 Affertur
906 4915 974 4971 lau·
1032 4919 1123 4973 auten
1144 4904 1333 4970 nominatum
1353 4905 1431 4968 Saxo
1451 4897 1556 4968 virtu
1573 4889 1628 4956 tt'ffl·

839 5004 860 5052 0
