3442 5456
375 309 448 380 260
720 305 894 374 lllSTOR.
911 303 1015 374 DAN.
1030 305 1165 375 LlBEll
1184 307 1238 376 Vl.

322 515 521 592 beientibus
546 537 565 584 a
598 539 637 586 se
658 516 774 601 sociis,
800 513 888 584 intra
905 512 1057 598 insulam
1074 513 1299 612 rapidissimo
1322 513 1494 588 ambitam
1520 513 1612 588 fluvio

322 640 508 742 praealtum
536 634 646 708 moliti
664 633 809 726 vallum,
836 650 1034 708 terrestrem
1057 638 1092 706 in
1110 635 1221 732 plano
1247 637 1481 762 munitionenp
1504 652 1613 710 eaten-

321 767 464 856 derant3
490 761 595 858 eujus
625 755 855 855 receptaculo
876 757 953 829 freti
981 757 1109 830 crebra
1135 761 1271 832 vicinos
1290 762 1488 858 irruptione
1510 757 1614 833 laces-

320 903 443 963 serant.
496 880 716 954 Excedentes
745 885 838 950 enim
861 879 978 952 insula
1004 886 1243 954 continentem
1260 897 1419 956 extructo
1436 899 1544 981 ponte
1555 909 1615 982 pe-

322 1027 395 1081 tere
422 1019 693 1092 consueverant,
719 1027 830 1102 quem
851 1001 973 1098 'portae
991 1006 1195 1077 munitionis
1212 1027 1389 1076 annexum
1404 1009 1451 1076 ita
1472 1004 1614 1104 quodam

320 1127 561 1204 funiculorum
583 1127 753 1224 regimine
774 1124 973 1198 moderari¹
996 1125 1170 1217 solebant,
1191 1142 1241 1218 ut,
1268 1127 1371 1230 quasi
1390 1125 1540 1200 volubili
1557 1125 1615 1198 ali-

319 1280 395 1354 quo
413 1249 555 1325 cardine
577 1252 847 1340 circumvectus,
867 1247 976 1320 modo
992 1265 1088 1322 trans
1104 1249 1239 1321 flumen
1261 1249 1326 1320 iter
1339 1263 1520 1338 sterneret,
1543 1273 1614 1320 mo-

318 1376 367 1449 do
382 1372 522 1448 occulto
538 1373 684 1445 restium
702 1369 811 1442 ductu
825 1387 980 1470 superne
995 1386 1166 1442 retractus
1180 1371 1299 1468 januae
1316 1367 1520 1444 deserviret.
1549 1372 1614 1440 Fu-

318 1524 378 1570 ere
404 1511 519 1568 autem
534 1496 684 1592 juvenes
708 1490 747 1563 bi
773 1519 872 1566 aeres
890 1494 1023 1580 animis,
1054 1491 1193 1565 robusti
1217 1495 1379 1591 juventa,
1410 1488 1616 1589 praestabiles

317 1619 444 1692 habitu
468 1617 642 1714 corporis,
667 1617 838 1713 giganteis
868 1613 954 1686 clari
973 1613 1175 1711 triumphis,
1201 1612 1369 1711 trophaeis
1391 1613 1547 1713 gentium
1562 1635 1616 1685 ee-

317 1741 456 1830 lebres‚
492 1737 615 1836 spoliis
647 1723 857 1836 locupletes.
915 1735 1151 1834 Quorundam
1180 1761 1267 1809 vero
1293 1761 1334 1808 ex
1368 1737 1453 1835 ipsis
1487 1737 1618 1808 nomina

318 1859 415 1957 (nam
436 1876 561 1932 caetera
585 1877 759 1933 vestustae
782 1859 954 1956 abstulit,)
971 1859 1177 1933 subnotavi:
1210 1857 1408 1948 Gerbitirn,
1432 1857 1619 1941 Gunbitirn

317 1983 516 2072 Armbffim,
542 1982 740 2073 Stenbiiirn‚
754 1982 919 2073 Esbitirn‚
944 1979 1160 2072 Thorbibru,
1186 1997 1219 2052 et
1238 1984 1355 2054 biorn.
1407 1980 1475 2052 Hic
1494 2001 1616 2077 equum

318 2107 489 2178 habuisse
505 2103 652 2176 traditur
668 2121 893 2202 praestantem
909 2129 1071 2201 corpore,
1088 2119 1283 2202 praepetem
1311 2101 1518 2193 velocitate,
1539 2097 1620 2171 adeo

240 2233 246 2254 “
318 2246 369 2322 ut,
385 2228 519 2300 caeteris
540 2251 679 2298 amnem
695 2219 858 2326 trajicere
867 2226 1142 2326 nequeuntibus,
1164 2225 1223 2298 hic
1243 2223 1342 2298 solus
1363 2224 1620 2324 obstrepentem

240 2329 243 2338 ’
316 2348 514 2422 indelessus
540 2350 710 2422 vorticem
736 2365 930 2448 superaret
993 2351 1107 2448 Cujus
1129 2373 1235 2448 aquae
1258 2347 1382 2446 lapsus
1399 2363 1472 2420 tam
1498 2349 1616 2420 incito²

317 2497 360 2546 ac
375 2471 548 2570 precipiti
561 2468 742 2544 volumine
766 2470 941 2561 delertur,
967 2489 1006 2544 ut
1027 2470 1191 2543 animalia
1213 2471 1320 2542 nandi
1342 2477 1466 2570 vigore
1491 2467 1620 2542 delecta

315 2593 530 2692 plerumque
548 2591 769 2691 pessundare
790 2593 912 2668 soleat.
980 2598 1033 2667 Ex
1049 2595 1196 2668 summis
1211 2595 1306 2666 enim
1322 2593 1500 2664 montium
1517 2617 1621 2666 caco·

315 2713 470 2790 minibus
486 2740 645 2806 manans,
667 2713 755 2787 dum
777 2741 844 2814 per
860 2715 1037 2790 clivorum
1053 2731 1238 2814 praerupta
1256 2717 1348 2789 saris
1370 2732 1543 2814 exceptus
1559 2713 1621 2786 eli·

316 2839 420 2930 ditur,
446 2841 482 2910 in
503 2836 686 2937 profunda
710 2836 857 2911 vallium
882 2836 1116 2935 multiplicato
1140 2862 1317 2934 aquarum
1340 2839 1494 2934 strepitu
1516 2837 1622 2930 cadit;

314 2987 442 3036 verum
459 2965 627 3032 continuo
650 2985 818 3034 saxorum
841 2958 1031 3034 obstaculo
1054 2985 1295 3058 repercussus,
1320 2960 1539 3036 celeritatem
1556 2965 1622 3034 im-

313 3098 419 3182 petus
453 3081 580 3154 eedem
598 3107 740 3182 semper
761 3083 1002 3182 aequabilitate
1027 3101 1223 3156 conservat.
1296 3087 1419 3182 ltaque
1438 3102 1518 3160 toto
1541 3084 1623 3158 alvei

313 3222 441 3296 tractu,
457 3205 562 3279 undis
577 3204 799 3278 uniformiter
813 3204 1010 3297 turbidatis‚
1043 3229 1219 3304 spumeus
1232 3205 1370 3303 ubique
1383 3207 1526 3283 candor
1539 3231 1625 3280 exu-

313 3327 427 3403 berat.
492 3331 536 3400 At
560 3327 625 3399 ubi
647 3326 880 3426 scopulorum
900 3329 1068 3426 angustiis
1096 3327 1262 3404 evolutus
1288 3327 1402 3403 laxius
1428 3325 1625 3432 stagnando

314 3447 539 3541 diffunditur,
572 3475 615 3522 ex
646 3449 789 3549 objecta
821 3475 913 3548 rupe
938 3449 1092 3525 insulam
1115 3451 1223 3551 fingit
1287 3455 1520 3554 Praeruptum
1551 3452 1627 3527 binc

314 3571 398 3646 inde
412 3575 541 3673 jugum
556 3578 696 3665 eminet,
723 3573 829 3647 variis
853 3573 1024 3646 arborum
1043 3574 1236 3674 generibus
1263 3573 1446 3674 frequens,
1475 3599 1627 3676 quarum

314 3695 478 3795 objectus
504 3719 643 3766 amnem
668 3695 806 3767 eminus
831 3694 1008 3792 pervideri
1030 3722 1102 3770 non
1124 3699 1222 3770 sinat.
1282 3701 1456 3772 Praeterea
1471 3701 1625 3772 Bidino-

313 3818 349 3888 ni
364 3822 536 3890 inusitatae
554 3816 744 3888 ferocitatis
762 3818 858 3890 cauis
876 3815 1027 3910 extabat,
1052 3817 1243 3892 horrendae
1269 3817 1418 3919 quidem
1442 3819 1626 3894 acerbita-

312 3941 355 4011 tis
368 3937 493 4012 bellua
518 3954 625 4036 atque
652 3936 811 4012 humano
828 3941 1005 4012 convictui
1022 3940 1265 4036 lormidolosa‚¹
1286 3967 1369 4040 quae
1391 3946 1533 4040 saepius
1548 3941 1626 4014 bis·

312 4085 416 4134 senos
443 4057 530 4132 sola·
544 4066 640 4134 viros
668 4067 897 4159 oppresserit.
957 4061 1028 4135 Sed
1052 4065 1224 4160 quoniam
1240 4061 1365 4136 tradita
1381 4069 1501 4164 magis
1519 4087 1627 4163 quam

311 4189 449 4283 cognita
475 4183 687 4276 referuntur,
713 4181 823 4255 fidem
839 4183 970 4256 arbiter
987 4199 1122 4283 penset.
1179 4183 1472 4290 Haec'siquidem
1496 4205 1539 4260 ut
1562 4211 1628 4260 ac-

313 4309 402 4403 cepi,
429 4303 637 4378 deliciarum
653 4303 838 4406 quondam
855 4305 937 4380 loco
955 4304 1086 4398 habita,
1116 4307 1218 4381 Offoti
1237 4309 1412 4408 gigantis²
1436 4309 1534 4383 inter
1557 4332 1628 4410 pa-

312 4451 397 4502 scua
410 4426 581 4504 tuebatur
596 4444 803 4514 armentum.

358 4711 585 4774 'Funieuiorum
609 4719 747 4798 regimine
774 4711 934 4796 moderare]
1048 4710 1627 4802 ²1nciro]Ed.tetsteph.1acaro.(ligi

310 4815 367 4874 Est
383 4809 546 4894 Mipiio
559 4820 662 4902 pontia
678 4819 835 4882 versatilis.
1047 4819 1326 4908 ²0ffoo'gigantis]
1342 4819 1473 4888 Oileus
1487 4824 1626 4888 uomina·
1696 4849 1697 4880 t
