3458 5454
366 299 439 371 356
459 369 466 376 ,
713 295 1159 372 antonomatisce
1178 297 1250 370 vlt.

316 506 504 610 parvulam
520 506 772 578 intemeotente
788 497 996 582 distantiam.
1040 507 1153 604 Cujus
1167 507 1271 586 miles
1285 507 1617 610 llildifferusffiun-
1700 593 1701 600 ἵ

315 639 391 708 nari
408 630 513 718 filius,
527 626 776 702 liuthenorum
797 629 981 730 pugilibus
1003 627 1052 700 ad
1074 653 1198 704 secum
1219 631 1461 708 dianieandum
1485 653 1617 730 provo·
1700 695 1701 718 ,

292 759 413 847 eatis,
439 777 523 826 cum
543 747 747 822 Huldanum
762 747 881 824 offerri
902 749 1213 844 animadverteret,
1244 755 1398 853 ejusque
1421 779 1462 828 se
1484 753 1617 825 fratrem

315 905 395 955 esse
411 901 484 948 non
497 879 687 976 ignoraret,
700 877 863 970 pietatem
884 873 1079 948 fortitudini
1088 875 1254 974 praetulit,
1274 901 1398 974 seque,
1412 879 1615 976 septuagin-

314 1022 352 1078 ta
374 997 539 1099 pugilum
561 1000 796 1092 oppressione
821 1003 1074 1094 conspicuum,
1103 1023 1189 1072 curn
1218 997 1362 1072 bomine
1386 1024 1516 1096 perum
1537 1023 1614 1095 spe·
1700 971 1701 990 χ

316 1142 409 1200 ctato
437 1143 584 1192 manum
598 1133 850 1190 consertorum
863 1124 1011 1216 negavit
1050 1122 1177 1232 ,thbet
1202 1125 1321 1219 itaque
1340 1146 1430 1194 -eum
1452 1123 1615 1194 minorem

315 1275 355 1326 se
369 1267 491 1318 rerum
506 1243 751 1338 experimentis
767 1241 882 1312 metiri
906 1253 954 1312 'ac
968 1239 1097 1316 deinde
1117 1268 1222 1342 aequa
1242 1244 1377 1318 viribus
1394 1242 1510 1318 studia
1531 1265 1614 1314 eon-
1700 1309 1701 1312 ,

316 1369 448 1446 sectari.
508 1367 594 1436 llaec
612 1377 731 1434 autem
753 1387 825 1434 non
842 1365 980 1438 virtutis
1000 1364 1204 1458 diffidentia,
1230 1366 1295 1440 sed
1316 1367 1521 1467 integritatis
1542 1388 1614 1438 ser·
1700 1367 1701 1460 ,

304 1491 444 1569 ,rendae
459 1491 571 1588 gratia
586 1484 785 1572 astruebat,
809 1511 923 1582 quum
948 1513 1022 1560 non
1040 1489 1159 1564 solum
1180 1495 1386 1580 acerrimus,
1412 1511 1537 1562 verum
1550 1485 1610 1558 eti-
1700 1487 1701 1514 ¹

211 1606 213 1618 ’
318 1643 378 1690 am
394 1607 587 1686 hebetandi
603 1607 824 1680 carminibus
846 1608 928 1682 serri
947 1618 1082 1706 peritus
1096 1619 1277 1686 existeret.
1345 1613 1488 1710 Quippe
1511 1633 1611 1710 quum
1700 1663 1701 1702 ,

318 1740 366 1812 ab
383 1738 463 1835 ejus
479 1747 580 1829 patre
595 1754 702 1802 sunm
720 1755 934 1828 oppressum
959 1736 1192 1824 meminisset,
1221 1735 1442 1832 ailecmsque
1457 1733 1611 1834 geminos,

316 1884 430 1934 unum
446 1870 603 1954 paternae
626 1851 781 1941 ultioniS,
803 1852 953 1926 alterum
977 1855 1140 1928 fraternae
1154 1859 1316 1948 caritatis,
1340 1855 1510 1946 baberet,
1532 1877 1609 1951 pro-

319 1981 504 2058 vocatione
538 1974 665 2048 cedere
698 1999 809 2072 quam
841 1983 993 2049 maximo
1023 1977 1198 2076 implicari
1220 1978 1353 2052 scelere
1381 1983 1490 2052 satius
1518 1975 1608 2048 duxit

319 2107 434 2204 Cujus
448 2100 531 2173 loco
552 2097 660 2169 alium
676 2097 860 2170 llaldanus
874 2097 1044 2172 athletam
1060 2099 1268 2198 deposcens,
1297 2100 1492 2176 exhibitum
1508 2101 1608 2196 jugu-

317 2231 566 2321 lat,·moxque
585 2228 616 2294 ci
636 2223 738 2306 etiam
754 2218 911 2294 hostium
926 2221 1095 2320 suffragio
1121 2225 1256 2298 virtutis
1273 2223 1395 2322 palma
1416 2223 1607 2306 decernitur,

317 2351 551 2444 omniumque
566 2343 777 2417 fortissimus
792 2341 936 2440 publicu
960 2343 1236 2441 proclamatione
1252 2363 1426 2420 censetur.
1484 2348 1606 2416 Postera

317 2474 376 2546 die
390 2469 535 2546 duobus
551 2468 587 2538 in
602 2491 759 2566 pugnum
779 2473 904 2563 petitis,
930 2467 1057 2540 ambos
1072 2469 1267 2542 obtruncat
1319 2469 1436 2542 Tertia
1453 2466 1605 2540 luceter-

317 2621 386 2671 nos
414 2606 602 2691 expugnat.
687 2593 821 2682 Quarta
866 2605 1019 2686 quatuor
1046 2615 1167 2664 seeum
1196 2615 1406 2691 congressos
1445 2601 1606 2688 eruperat

317 2724 448 2814 Quinta
462 2739 549 2786 vero
570 2717 700 2810 quinos
717 2711 926 2810 expostulat
952 2712 1091 2806 Quibus
1107 2716 1302 2812 oppressis,
1327 2739 1442 2812 quum
1456 2710 1503 2784 ad
1516 2727 1604 2784 octa-

318 2835 599 2918 vum'similibus
624 2859 756 2933 pugnae
790 2850 825 2906 et
848 2838 1005 2908 victoriae
1030 2837 1254 2910 incrementis
1287 2852 1497 2933 perventum
1519 2847 1604 2920 esset,

317 2964 484 3039 undecim
497 2956 603 3034 simul
619 2955 791 3030 admissos
807 2963 1006 3054 prosternit
1065 2960 1132 3030 Cui
1150 2957 1367 3058 Hildigerns,
1398 2957 1502 3056 quod
1524 2979 1602 3070 opp·

315 3111 398 3160 rum
424 3105 573 3157 suornm
603 3076 722 3152 tinrlos
756 3080 925 3152 virtutum
948 3081 1029 3178 ejus
1057 3079 1298 3180 magnitudine
1321 3097 1484 3179 mquatos
1514 3077 1601 3156 vide·
1700 3127 1701 3156 r

314 3225 380 3300 ret,
403 3226 633 3306 congressum
654 3199 802 3274 ulterius
826 3225 955 3301 negare
981 3227 1053 3276 non
1079 3227 1226 3300 passus,
1257 3229 1370 3302 quum
1393 3203 1440 3276 ab
1457 3228 1517 3295 eo,
1543 3200 1604 3275 ob·

316 3331 425 3406 ducto
450 3323 650 3428 panniculis
667 3322 773 3414 ferro,
787 3324 1004 3400 mortificum
1023 3325 1089 3398 sibi
1114 3325 1244 3400 vulnus
1267 3325 1439 3400 inflictum
1460 3321 1603 3398 animad-

315 3470 483 3545 verteret,
509 3451 657 3548 abjectis
675 3448 780 3520 armis
797 3443 899 3519 humi
917 3446 1138 3522 decumbens
1162 3447 1221 3520 tali
1238 3448 1384 3522 fratrem
1405 3474 1495 3524 voce
1516 3471 1602 3522 corn·

316 3579 443 3676 pellat:

513 3695 660 3770 coluter
668 3699 819 3770 alteratis
837 3694 984 3769 devolvi
992 3691 1143 3788 fotibus
1156 3691 1305 3766 Ιιοναηι1
1310 3748 1326 3782 ,

316 3880 318 3888 .
417 3885 419 3890 ,
510 3823 572 3906 Et,
578 3819 686 3914 ferro
698 3835 901 3920 pausante,
930 3817 1006 3889 solo
1021 3814 1201 3888 substitere
1210 3817 1378 3913 paulum,

511 3941 705 4012 Alternare
718 3967 860 4013 moram
877 3940 980 4013 dt'cttls
999 3941 1209 4040 animosque
1211 3939 1358 4042 fovere.

510 4067 638 4134 Restat
647 4066 830 4165 proposito
846 4081 982 4164 tempus
989 4089 1005 4150 ,·
1020 4062 1208 4158 nantfoto
1223 4063 1374 4133 duorum

510 4190 601 4258 Fors
615 4187 764 4260 deber-sa
779 4203 893 4277 tenet;
919 4185 1034 4258 alliam
1046 4185 1251 4258 diacrinoite
1266 4201 1361 4257 certo

363 4454 504 4516 'Cuilibet
532 4457 654 4518 alternis
679 4458 792 4519 demin
817 4459 937 4542 salidus
998 4453 1308 4538 nald.St'igu1·tol.ll
1327 4446 1603 4538 p.484485)ddi·

313 4555 429 4637 loram]
447 4560 578 4622 Collatiu
595 4561 685 4641 hujus
703 4564 845 4625 carminis
868 4583 938 4624 cum
998 4563 1101 4624 turin
1133 4561 1214 4624 nutis
1238 4559 1427 4624 uberioribus
1455 4583 1520 4624 cnm
1546 4551 1602 4620 crisi

316 4665 456 4728 carmine
469 4667 616 4730 lalandico
636 4668 708 4730 huic
732 4668 885 4732 simillimo
907 4671 938 4730 in
998 4667 1092 4732 totius
1101 4667 1283 4731 narrationis
1300 4665 1338 4730 de
1350 4666 1500 4732 Haldauo.

317 4769 442 4833 historia
467 4773 616 4836 damandi
640 4775 817 4858 llappabani
846 4775 937 4854 (For-
