3446 5458
607 353 900 428 VEllMUNDUS.
1285 355 1356 433 tta

98 559 210 643 dorus
224 567 274 644 ita
290 591 466 666 aquarum
483 561 620 640 ambitu
637 563 780 655 vallat²,
806 577 855 655 ut,
871 585 994 636 earum
1007 565 1184 640 interstitio
1197 591 1406 668 repugnan-

98 707 142 780 te,
167 692 298 790 navigii
314 689 485 764 duntaxat
501 689 619 763 aditus
633 704 760 790 pateat.
828 689 946 779 Quem
961 685 1086 760 Ullone
1100 693 1176 761 sine
1189 694 1320 766 comite
1334 715 1407 793 pe-

99 829 212 905 tente,
244 816 405 886 Saxoniae
427 815 522 913 regis
547 811 661 886 lilium
688 813 832 911 insignis
854 809 990 884 viribus
1015 807 1144 884 athleta
1169 817 1409 913 consequitur,

99 935 237 1010 mebris
252 938 421 1033 utrinque
443 935 555 1010 turbis
578 933 731 1009 alternos
747 939 909 1032 riparum
924 932 1101 1006 anfractus
1118 936 1308 1032 spectandi·
1327 941 1409 1013 avi-

99 1057 209 1134 ditate
226 1055 500 1157 complentibus.
561 1061 703 1132 Cunctis
734 1058 844 1156 igitur
864 1053 950 1128 huic
973 1057 1179 1154 spectaculo
1203 1057 1330 1134 oculos
1347 1063 1409 1132 in-

99 1181 332 1274 serentibus2,
349 1178 576 1255 Vermnndus
585 1183 621 1254 in
639 1197 791 1254 extremo
807 1180 925 1277 pontis
942 1194 1042 1277 parte
1054 1203 1096 1252 se
1114 1179 1279 1274 collocat,
1287 1185 1316 1255 si
1333 1183 1408 1256 fili-

101 1329 164 1378 um
180 1304 277 1378 vinci
302 1303 522 1403 contigisset,
554 1301 702 1375 flumine
716 1303 904 1401 periturus.
966 1299 1092 1376 Maluit
1114 1303 1207 1376 enim
1230 1308 1411 1406 sanguinis

99 1431 156 1502 sui
171 1427 313 1500 ruinam
340 1427 508 1516 comitan',
533 1449 642 1523 quam
668 1421 791 1523 patrias
817 1425 990 1498 interitum
1013 1422 1124 1522 plenis
1139 1423 1272 1499 doloris
1295 1431 1409 1503 sensi-

102 1548 174 1621 bus
190 1551 326 1621 intueri.
385 1550 518 1623 Verum
538 1546 629 1638 Uno,
647 1547 794 1645 geminis
813 1547 989 1644 juvenum
1018 1549 1270 1645 congressibus
1290 1549 1411 1623 laces-

102 1673 202 1763 situs,
227 1669 335 1770 gladii
356 1667 549 1744 diffidentia
567 1669 758 1741 amborum
773 1668 864 1740 ictus
879 1667 1038 1742 umbone
1055 1669 1201 1761 vitabat,
1225 1673 1411 1769 patientius

102 1793 255 1890 experiri
271 1795 493 1886 constituens,
521 1817 628 1892 quem
645 1790 824 1864 ednobus
844 1795 1008 1864 attentius
1022 1817 1146 1866 carere
1161 1793 1350 1886 debuisset,
1374 1809 1413 1868 ut

101 1913 202 1987 bunc
226 1913 351 1988 saltem
374 1941 447 1990 uno
473 1916 556 1990 ferri
583 1912 740 2012 impulsu
766 1915 988 2014 contingeret
1048 1917 1165 2009 Quem
1185 1916 1413 1992 Vermundus

99 2023 345 2114 imbecillitatis
362 2043 447 2114 vitio
468 2055 601 2112 tantum
618 2035 907 2134 recipiendorum
930 2039 1063 2113 ictuum
1085 2041 1287 2137 patientiam
1310 2063 1412 2139 prae-

102 2177 198 2234 stare
217 2164 431 2255 existimans,
445 2161 625 2261 'paulatim
648 2162 690 2232 in
702 2157 888 2232 occiduam
909 2164 1027 2256 pontis
1044 2184 1145 2234 oram
1161 2165 1282 2238 mortis
1304 2164 1412 2262 cupi-

101 2283 212 2358 ditate
226 2307 266 2360 se
280 2283 465 2384 protrahit,
489 2286 519 2356 si
538 2283 585 2357 de
597 2281 672 2356 lilio
688 2299 810 2356 actum
825 2281 936 2373 foret,
961 2283 1075 2356 latum
1100 2286 1293 2383 praecipitio
1316 2287 1413 2384 peti-

103 2423 219 2482 turus.
270 2411 381 2480 Tanta
398 2409 578 2508 sanguinis
593 2407 734 2480 caritate
747 2405 952 2505 flagrantem
975 2385 1097 2482 senem
1120 2406 1262 2478 fortuna
1285 2423 1414 2504 prote·-

105 2531 160 2604 xit
214 2527 295 2602 uffo
320 2529 496 2628 siquidem
514 2529 628 2603 lilium
649 2529 740 2627 regis
769 2524 817 2599 ad
838 2551 959 2601 secum
972 2527 1122 2637 avidius
1150 2527 1415 2603 decernendum

104 2653 271 2728 hortatus
296 2651 487 2727 claritatem
510 2653 646 2754 generis
676 2649 723 2723 ab
748 2651 828 2750 ipso
853 2645 1047 2750 conspicuo
1073 2649 1284 2736 fortitudinis
1307 2675 1417 2750 opere

104 2777 244 2876 aequart
263 2775 385 2876 jubet,
398 2801 444 2848 ne
462 2801 546 2876 rege
562 2789 680 2848 ortum
696 2771 859 2873 plebeius
883 2799 1003 2848 comes
1026 2775 1154 2848 virtute
1175 2789 1342 2873 prestare
1356 2779 1416 2846 vi-

103 2897 241 2972 deatur.
308 2896 483 2973 athletam
498 2896 638 2990 deinde,
662 2895 890 2994 explorandae
904 2897 981 2995 ejus
1004 2894 1217 2970 fortitudinis
1233 2897 1356 2996 gratia,
1371 2921 1417 2968 ue

104 3019 242 3095 domini
261 3022 317 3094 sui
335 3036 432 3120 terga
456 3019 610 3094 timidius
632 3017 929 3116 subsequeretur,
952 3017 1172 3091 admonitum
1205 3017 1375 3092 fiduciam
1396 3039 1418 3089 a

103 3145 195 3246 regis
219 3141 293 3216 lilio
319 3143 356 3215 in
379 3166 418 3216 se
440 3143 630 3240 repositam
652 3140 800 3242 egregiis
827 3139 1055 3215 dimicationis
1079 3141 1252 3241 operibus
1270 3165 1420 3241 pensare

105 3267 298 3367 praecepit,
339 3266 443 3364 cujus
473 3261 614 3337 delectu
647 3265 775 3337 unicus
803 3289 935 3366 pugnae
969 3287 1088 3339 comes
1119 3264 1273 3340 adscitus
1303 3263 1419 3338 luerit.

105 3390 417 3488 Obtemperantem
444 3385 546 3460 illum
576 3388 798 3486 propiusque
829 3385 997 3488 congredi
1029 3387 1165 3462 rubore
1195 3383 1422 3486 compulsum

106 3513 226 3612 primo
242 3510 326 3584 ferri
341 3516 410 3582 ictu
427 3507 582 3606 medium
601 3508 761 3583 dissecat.
823 3512 905 3602 Quo
930 3533 1021 3584 souo
1039 3525 1214 3584 recreatus
1236 3511 1420 3584 Vermuu·

106 3633 195 3727 dus,
216 3631 281 3706 filii
310 3631 445 3707 ferrum
466 3630 592 3706 audire
614 3655 651 3705 se
674 3631 777 3724 dixit,
799 3646 984 3731 rogatque,
1005 3630 1063 3704 cui
1089 3633 1311 3731 potissimum
1331 3631 1423 3728 pani

105 3758 214 3831 ictum
237 3754 408 3830 inflixerit.
473 3753 719 3829 Refeuentibus
742 3751 869 3827 deinde
893 3753 1074 3846 ministris,
1106 3762 1190 3827 eum
1218 3777 1292 3827 uon
1314 3775 1423 3824 uuam

105 3879 268 3978 eorporis
284 3893 431 3976 partem,
449 3875 512 3952 sed
544 3891 653 3950 totam
677 3875 828 3950 bominis
859 3883 1071 3978 transegisse
1096 3885 1326 3978 compagem,
1349 3875 1422 3976 abss
1511 3901 1518 3912 ·

105 4017 276 4076 structum
299 4001 495 4100 praecipitio
539 4023 670 4098 corpus
699 4003 799 4098 ponti
820 4003 982 4093 restituit,
1016 3997 1141 4074 eodem
1165 3999 1282 4073 studio
1308 3997 1424 4070 lucem

105 4139 287 4222 expetens,
303 4150 380 4223 quo
395 4123 507 4196 latum
526 4135 717 4222 optaverat
768 4127 861 4196 Tum
879 4123 971 4215 Ullo,
995 4123 1172 4224 reliquum
1188 4121 1327 4197 hostem
1342 4121 1425 4220 pri-

105 4247 181 4320 oris
205 4245 371 4344 exemplo
387 4269 601 4320 consumere
618 4245 774 4343 cupiens,
799 4249 892 4346 regis
908 4245 1022 4322 filium
1045 4247 1092 4320 ad
1120 4246 1291 4320 ultionem
1313 4245 1423 4316 inter-

105 4370 187 4444 iecti
210 4397 280 4468 pro
303 4393 342 4444 se
360 4365 513 4440 satellitis
541 4366 706 4440 manibus
730 4367 978 4464 parentationis
1004 4367 1088 4441 loco
1113 4363 1331 4465 erogandam
1352 4369 1426 4438 im-

107 4491 336 4589 pensioribus
357 4490 473 4564 verbis
490 4487 647 4565 solicitat
697 4496 814 4586 Quem
829 4493 980 4590 propius
997 4488 1172 4562 accedere
1194 4513 1260 4562 sua
1286 4486 1427 4562 adhor-

159 4725 520 4808 ¹H1mcfluomsssaioms
532 4718 679 4804 ..called
693 4726 744 4787 In·
805 4720 862 4785 sita
886 4731 933 4783 est
950 4741 1022 4806 pum
1046 4720 1131 4786 urbia
1153 4717 1312 4786 sire'arcis
1333 4723 1429 4786 liem-

106 4827 209 4892 natm
229 4827 316 4893 intell
330 4832 377 4917 git
402 4843 506 4914 autor,
527 4832 559 4894 in
582 4849 639 4915 qua
661 4847 744 4893 nunc
806 4825 973 4911 burgensis,
993 4847 1062 4911 que
1077 4825 1215 4894 Altstadt
1229 4825 1348 4893 dicitur.

852 4931 1081 5016 ²Iuaerentibus]
1095 4934 1145 5000 ed.
1159 4939 1173 4999 l
1192 4939 1387 5024 inferentibus.
