3476 5460
1365 4 1376 41 Ι

633 279 889 354 asenneus.
1284 265 1359 354 tst

110 493 293 573 nubens
312 507 543 584 coacturum,¹
560 499 588 566 si
605 515 703 566 eum.
718 492 755 563 in
777 487 944 590 eligendo
967 491 1090 566 mortis
1110 515 1243 592 genere
1262 496 1411 594 proprio

109 639 219 688 usum
235 613 380 691 arbitrio
396 619 635 714 comperisset
684 615 797 712 Cujus
820 618 1049 687 temeritatem
1075 613 1266 692 admiratus
1290 615 1412 708 bostis,
1498 673 1499 679 η

109 761 152 810 ea
168 736 228 810 lati
245 739 375 836 specie,
401 761 471 836 qua
491 739 618 834 ipsein
633 761 673 812 se
691 733 1002 828 animadvertisset,
1029 738 1313 813 consumendum
1334 763 1412 814 esse

110 862 290 959 promittit.
342 863 459 952 Quum
475 857 671 934 libertatem
689 861 830 958 juvenis
845 862 992 958 ingentis
1014 857 1178 932 beneficii
1199 860 1279 933 loco
1294 849 1412 936 susci-

109 986 226 1082 piens,
240 985 397 1056 vinctum
415 1005 454 1056 se
469 1005 553 1053 cum
569 983 672 1055 sociis
687 981 980 1077 cremari-petivit.
1030 983 1103 1054 Nec
1117 986 1271 1082 segniter
1286 987 1412 1058 Daxou

109 1102 224 1177 avidis
241 1103 301 1177 lati
316 1102 481 1202 precibus
508 1102 700 1178 obsecutus
732 1126 802 1202 pro
820 1101 996 1174 beneficio
1016 1117 1148 1200 optatae
1167 1109 1290 1178 mortis
1317 1129 1412 1204 sup-

108 1225 260 1324 plicium
275 1228 440 1326 erogavit
459 1229 540 1318 Quo
558 1223 679 1298 audito
697 1227 901 1326 Reguerus‚
924 1223 1100 1299 obstinato
1116 1224 1164 1298 ad
1188 1226 1412 1300 moriendum

109 1346 232 1440 luctu,
251 1375 325 1422 non
341 1347 450 1421 modo
467 1373 660 1422 moerorem
675 1346 805 1436 induit,
828 1369 953 1420 verum
974 1363 1008 1420 et
1022 1373 1089 1446 per
1104 1373 1279 1423 summam
1306 1351 1411 1422 animi

109 1469 355 1569 aegritudinem
369 1470 500 1544 lectulo
518 1494 651 1568 corpus
669 1469 787 1563 affixit,
812 1467 1051 1568 doloremque
1064 1466 1278 1570 eon'ceptum
1294 1473 1412 1570 gerni·-

100 1605 149 1678 ¹tu
166 1591 340 1689 patefecit.
391 1597 506 1686 Quem
522 1591 689 1689 conjunx,
706 1589 841 1664 virssem
855 1614 1084 1691 supergressa
1101 1589 1413 1688 fiduciam‚imbe·

110 1713 264 1788 utilitatis
285 1691 494 1813 increpitum
517 1712 605 1786 virili
631 1711 876 1788 adhortatione
891 1713 1061 1804 firmavit,
1087 1714 1365 1814 sevocatumque
1392 1741 1413 1788 a

108 1858 269 1910 moerore
282 1839 438 1910 animum
460 1859 558 1908 arma
578 1838 771 1934 impensius
796 1835 979 1910 celebrare
995 1837 1199 1936 perdocuit,
1223 1836 1414 1930 affirmans,

107 1961 341 2033 tortissimum
356 1974 674 2057 putremeruentos
696 1958 759 2032 filii
785 1963 921 2032 cineres
945 1960 1072 2058 justius
1095 1962 1202 2036 armis
1223 1989 1332 2062 quam
1353 1963 1413 2036 la-

109 2085 242 2178 crymis
264 2086 495 2180 expiaturum.
554 2083 694 2154 Monuit
714 2107 875 2180 quoque,
896 2106 941 2153 ne
956 2082 1177 2157 muliebriter
1190 2083 1316 2184 lugens
1330 2101 1412 2158 ten-

109 2218 190 2274 tum
204 2205 271 2277 sibi
286 2206 486 2303 ignominiae
503 2203 589 2278 fletu
606 2219 756 2302 pareret,
771 2221 944 2302 quantum
967 2221 1068 2276 antea
1092 2206 1258 2280 claritatis
1287 2211 1414 2284 virtute

109 2341 343 2400 connexerat.
396 2325 452 2399 Ad
468 2323 561 2398 banc
578 2349 704 2399 vocem
719 2331 852 2400 veritus
862 2331 1110 2425 RegueruS,ne
1123 2333 1289 2426 pristinos
1305 2332 1412 2406 lorti-

109 2446 244 2522 tudiuis
257 2447 378 2523 titulos
392 2447 608 2522 elloemiuato
632 2473 790 2524 moerore
814 2463 1029 2540 contereret,
1055 2446 1217 2524 discusso
1239 2456 1413 2531 moesutiae

109 2567 238 2643 habitu
268 2570 511 2671 depositisque
544 2565 677 2644 doloris
707 2572 924 2672 insignibus,
956 2574 1217 2671 promptissima
1249 2573 1413 2653 vindictae

108 2715 179 2788 spe
200 2694 374 2790 jacentem
401 2694 581 2768 revocavit
604 2691 797 2766 audaciam.
857 2693 955 2769 Adeo
980 2694 1158 2768 interdum
1179 2696 1227 2768 ab
1253 2697 1414 2773 invalidis

108 2813 215 2886 sortia
231 2815 449 2889 roborantur
462 2817 608 2915 ingenia.
644 2821 746 2891 lvere
763 2841 850 2916 ergo
865 2819 964 2916 regni
980 2817 1124 2892 tutelam
1143 2817 1314 2910 deferens,
1329 2819 1413 2892 Ub-

108 2935 320 3036 booemque
333 2940 487 3036 pristinae
501 2947 623 3038 gratiae
638 2937 814 3018 redditum
829 2955 975 3039 patema
1004 2942 1145 3014 catritate
1165 2941 1413 3039 complectens,

108 3061 256 3158 trajecta
269 3061 306 3132 iu
320 3063 484 3133 Russiam
502 3059 631 3152 classe,
657 3059 955 3160 comprehensum
980 3064 1107 3136 Darou
1136 3081 1414 3166 catenarumque

109 3207 224 3284 poena
255 3185 443 3256 coercitum
460 3182 559 3282 apud
577 3181 816 3283 Utgarthiam¹
836 3184 1007 3282 custodiae
1022 3188 1200 3288 relegavit.
1233 3188 1413 3289 Siquidem

109 3323 198 3380 tunc
213 3307 417 3404 Reguerum
447 3305 631 3380 adversus
646 3307 817 3378 carissimi
841 3305 902 3379 filii
928 3307 1187 3382 interfectorem
1210 3311 1414 3388 clementis-

109 3430 203 3504 sima
219 3431 325 3502 animi
338 3429 582 3504 moderatione
598 3453 704 3504 usum
728 3453 806 3502 esse
823 3430 1022 3522 'constabat
1047 3432 1192 3506 eumad
1216 3438 1413 3533 concupita

109 3552 258 3628 ultionis
277 3552 470 3626 satietatem
496 3553 638 3626 exilium
662 3557 773 3626 sontis
811 3575 920 3648 quam
952 3577 1076 3626 necem
1099 3555 1259 3630 sufficere
1279 3557 1413 3632 maluit.

109 3678 194 3768 Qua
208 3673 354 3774 quidem
372 3673 590 3749 humanitate
605 3699 754 3774 magnus
779 3671 952 3747 Rutheuis
967 3676 1119 3776 injectus
1144 3696 1197 3754 cst
1221 3677 1333 3752 rubor
1349 3659 1413 3753 ul-

108 3801 224 3871 terius
240 3795 409 3872 adversus
425 3823 509 3870 eum
529 3797 693 3871 saeviendi
710 3823 844 3896 regem,
860 3823 967 3896 quem
983 3824 1027 3872 ne
1044 3802 1253 3898 injuriarum
1264 3791 1412 3900 quidem

18 4003 23 4008 ,
109 3917 303 3994 acerbitate
323 3918 369 3991 ad
399 3919 626 4020 infligendum
654 3922 798 4020 captivis
821 3939 973 3994 mortem
1005 3924 1187 4020 impellere
1212 3941 1413 4023 potueruut.

110 4041 278 4115 Eundem
293 4069 440 4142 quoque
456 4045 640 4143 Regnerus
656 4044 757 4116 brevi
772 4039 966 4144 ingratiam
981 4045 1168 4118 reductum
1186 4049 1306 4146 patriae
1322 4046 1413 4118 red-

158 4311 392 4398 ²Utgerthiam]
417 4317 575 4399 Nunquam
596 4313 627 4376 in
660 4314 733 4375 scri·
791 4316 975 4378 mansionem
987 4317 1131 4391 Deorum,
1144 4319 1316 4400 Milgardr,
1331 4339 1414 4379 man·

107 4419 174 4506 ptis
196 4410 383 4484 blandorum
409 4419 621 4486 vetustioribus
650 4439 732 4484 eom·
789 4421 904 4482 sionem
922 4417 1087 4497 homiuum,
1111 4423 1259 4504 lstgarelr,
1286 4426 1414 4488 mansit»-

108 4539 299 4590 memoratur
325 4527 483 4611 Utgarthia
507 4527 570 4589 sive
601 4529 735 4610 Utpardr
791 4546 860 4586 nem
870 4525 1134 4608 Gigantum(cufr.
1147 4529 1413 4612 MagnussensEd-

108 4645 256 4716 tanquam
266 4633 352 4716 regio
368 4632 575 4698 a·mortalibus
586 4633 734 4696 >habitata
793 4631 905 4696 delere
920 4629 1000 4695 tuen
1017 4635 1068 4709 D.)
1120 4635 1340 4721 Argult‘igitur
1354 4637 1413 4701 boc

108 4741 239 4804 Veteres
252 4740 368 4804 scilicet
382 4739 524 4802 Bureales
542 4741 687 4804 muudum
701 4741 734 4802 in
793 4740 863 4801 loco
891 4759 948 4801 vox
981 4742 1149 4822 Utgattbiae
1177 4757 1346 4808 commenta
1368 4763 1413 4810 se

107 4859 173 4908 tues
217 4859 318 4929 partes
357 4845 539 4923 diviserunt,
586 4850 735 4931 Asgardr,
795 4846 883 4909 rionis
897 4847 961 4908 asni.
