3506 5458
690 309 907 382 CANUTUS.
1325 311 1398 382 tta

140 521 197 594 bis
215 523 250 594 in
274 523 392 596 euua¹
408 517 508 616 apud
523 518 722 594 discubitus
738 524 793 594 sni
808 517 932 592 locum
944 542 1102 615 presens
1125 521 1297 597 abrensve
1314 539 1448 620 postu-

139 643 205 716 lari
221 643 370 718 solebat.
424 646 473 716 At
484 647 515 717 si
540 641 655 718 fondo
681 659 838 733 careret,
863 667 908 714 eo
934 639 1017 730 loci,
1033 640 1096 714 ubi
1121 648 1155 716 in
1172 642 1254 717 aula
1269 645 1449 720 accubare

140 783 382 858 coosreverat,
407 783 460 840 ter
477 767 671 863 sponsione
690 761 944 864 provocandus
968 763 1096 838 fuerat
1152 769 1331 842 Concione
1354 772 1449 860 inita,

141 891 205 986 qui
223 903 524 986 provocaverant,
552 890 687 962 sincere
712 913 752 962 se
778 912 882 960 reum
906 885 1110 983 postulasse
1148 889 1309 986 nihilque
1338 892 1374 964 in
1400 911 1450 966 'ea

141 1035 259 1086 causae
274 1010 423 1084 dictione
440 1009 573 1085 favoris
606 1026 667 1084 aut
692 1009 835 1084 offensae
859 1010 1037 1106 respectui
1062 1005 1250 1084 indulsisse
1269 1012 1450 1109 jurabant,

142 1133 322 1232 simulque
341 1148 377 1206 et
394 1132 581 1204 citatorum
611 1148 647 1206 et
661 1137 801 1206 testium
819 1131 984 1230 partibus
1006 1130 1253 1204 inserviebant.
1307 1137 1449 1212 Conse-

140 1257 340 1355 quenterin
355 1277 459 1328 teum
470 1252 680 1353 principalis
708 1253 793 1328 iacti
822 1256 1062 1327 testimonium
1087 1279 1108 1324 a
1134 1253 1280 1330 dnobus
1303 1255 1451 1332 denun-

141 1377 310 1452 ciandum
327 1375 503 1466 restabat,
536 1378 739 1474 juramento
766 1375 912 1474 praefari
925 1377 1050 1475 jussis,
1080 1381 1298 1452 neeacto1is
1330 1405 1452 1456 amore

80 1591 86 1600 ,
142 1527 207 1576 nec
224 1507 276 1574 rei
293 1498 378 1574 odio
404 1502 603 1598 quiequam
617 1523 656 1572 se
671 1513 801 1598 praeter
818 1497 931 1572 oculis
948 1515 1009 1570 aut
1024 1498 1173 1574 auribus
1191 1501 1374 1598 explorata
1388 1503 1451 1578 dt-

141 1641 272 1698 cturos.
343 1625 433 1694 Nam
458 1623 495 1696 in
521 1623 718 1720 quaestione
744 1619 839 1695 laesae
859 1623 1050 1719 majestatis
1073 1629 1290 1721 propensior
1317 1627 1452 1704 auditui

142 1746 235 1820 fides
248 1745 372 1820 haberi
389 1761 643 1836 consveverat3
668 1758 837 1818 ceterum
853 1745 1091 1818 testimonium
1110 1749 1145 1816 in
1160 1745 1272 1820 oeulis
1289 1775 1451 1849 repone-

143 1869 262 1944 batur.
313 1873 488 1942 Proeterea
504 1867 648 1966 objecta
665 1863 879 1940 defensionis
894 1863 1062 1962 praesidio
1078 1867 1251 1965 repellere
1266 1895 1341 1945 non
1355 1873 1450 1952 lice-

143 1993 225 2087 bat3
251 1992 430 2091 siquidem
458 1998 600 2068 testium
623 1991 820 2064 criminatio
847 2011 965 2084 neque
1002 1985 1119 2060 alieno
1148 1995 1346 2087 patrocinio
1380 2023 1451 2072 ne-

144 2139 219 2212 que
235 2117 382 2214 propria
399 2118 616 2215 cujusquam
630 2111 836 2210 repulsione
852 2108 976 2182 subrui
992 2125 1141 2206 poterat.
1165 2115 1318 2188 Tantum
1337 2122 1453 2218 quip-

144 2261 192 2335 pe
207 2237 382 2312 autoritati
403 2241 565 2338 ipsorum
583 2233 727 2335 pondus
745 2235 878 2322 inerat,
904 2246 943 2308 nt
958 2234 1169 2311 assertionis
1192 2258 1319 2313 eorum
1343 2241 1454 2318 iidem

145 2357 286 2434 elevare
303 2362 466 2459 proxima
482 2358 692 2458 sacrilegio²
710 2353 888 2430 dementia
905 2369 1103 2452 putaretur.
1153 2357 1205 2428 lta
1219 2382 1303 2434 reus
1318 2359 1450 2436 adver-

146 2505 227 2556 sum
242 2485 428 2558 testimonii
446 2481 604 2556 fulmen³
627 2505 694 2554 nee
719 2476 864 2575 culpam
892 2501 959 2550 nee
982 2479 1218 2552 innocentiam
1240 2479 1314 2556 ullo
1337 2509 1454 2583 argu...

145 2619 267 2678 mento
282 2607 373 2680 tueri
388 2605 511 2701 potuit.
571 2602 643 2676 Sed
666 2623 786 2700 neque
803 2600 847 2689 ei,
863 2604 892 2674 si
907 2600 1100 2696 sponsione
1119 2619 1333 2699 provocatus
1356 2606 1453 2682 suis-

146 2739 211 2816 set,
228 2723 495 2826 restipulatione
511 2729 562 2802 nti
574 2725 704 2802 licuit⁴.
755 2724 943 2798 Rationem
960 2726 1099 2798 testium
1116 2722 1280 2800 destricta
1290 2729 1454 2827 judicum

195 3001 454 3070 'Demisemebbr's
471 3005 501 3062 irr
513 2996 691 3080 curramus
703 3015 774 3082 per-
831 2999 866 3060 ln
880 3008 965 3058 texta
984 2995 1103 3060 Danico
1117 2995 1225 3060 barasa
1249 2999 1353 3085 legum
1374 3001 1455 3067 simi.

148 3103 228 3167 tinet
247 3105 331 3168 locus
367 3103 399 3168 in
418 3115 503 3170 textu
525 3105 642 3168 Danieo
663 3103 773 3166 barum
831 3101 869 3166 lis
892 3100 1029 3166 locusda
1046 3101 1224 3168 viduorum
1245 3108 1367 3173 testium
1387 3129 1456 3174 ver-

149 3211 260 3295 legum,
274 3210 327 3294 qui
340 3210 373 3274 in
385 3212 524 3277 versione
531 3209 717 3296 Langebeltii
732 3209 775 3274 ita
831 3206 871 3270 ba
881 3228 972 3292 snpra
987 3209 1077 3272 allata
1091 3229 1191 3296 prope
1202 3215 1355 3298 sequitur:
1368 3219 1457 3302 Quod

148 3335 181 3380 se
196 3314 289 3380 babet
308 3315 382 3396 (le.
395 3340 426 3403 p.
445 3315 535 3397 160:
552 3321 589 3382 St'
609 3342 660 3380 res
682 3321 776 3380 virum
832 3319 861 3376 st'
871 3315 1018 3395 injudicio
1026 3322 1221 3403 comparuerit
1231 3336 1260 3381 et
1270 3343 1321 3382 rea
1330 3330 1456 3386 testimo·

150 3428 274 3509 aliquem
291 3450 307 3488 a
322 3427 720 3488 secutaremrtitartamoeum
728 3445 776 3484 ce-
832 3423 881 3480 nair
904 3421 1025 3481 duorum
1046 3427 1268 3487 commrlr'tonum
1292 3449 1458 3490 sacramen·

150 3532 200 3601 lit,
222 3555 284 3592 eum
292 3537 420 3618 prt'utum
435 3535 466 3592 in
479 3533 550 3594 aula
563 3553 618 3592 suc
629 3550 686 3615 per
698 3529 773 3590 duos
830 3540 916 3608 taqua
928 3527 1007 3587 Wum
1015 3531 1293 3616 conatbeerepossit,
1305 3533 1385 3616 quod
1394 3535 1458 3616 ejus

150 3641 244 3699 sarrire
266 3640 407 3701 militares
427 3661 464 3699 es
491 3639 554 3718 ejus
580 3637 720 3698 comitatu
746 3647 776 3695 et
831 3634 988 3694 suscitem
1009 3647 1063 3694 aut
1085 3656 1205 3716 regnum
1221 3639 1347 3723 prodere
1362 3643 1458 3704 solue·

150 3737 298 3805 mensibus
311 3745 354 3806 ud
370 3760 537 3806 conventum
552 3744 775 3806 commilitonum
832 3743 886 3810 rit,
898 3741 1062 3802 societatem
1071 3741 1225 3804 traditorem
1236 3747 1380 3828 oviumque
1387 3771 1459 3834 per·

151 3851 242 3910 et‘tarr'
251 3848 364 3934 sacret,
387 3851 449 3912 loeo
470 3864 501 3911 et
524 3851 571 3912 dic
595 3855 626 3912 ei
641 3851 775 3938 praefixo.
832 3847 918 3908 didit.

150 3955 239 4016 stad
260 3973 428 4018 concentum
447 3979 505 4018 noo
527 3961 651 4028 venerit,
677 3977 779 4018 securt-
879 3954 1012 4036 *Neque
1034 3955 1254 4040 restipulatione
1286 3960 1335 4017 uti
1361 3955 1459 4048 lieut't]

152 4062 221 4122 dum
234 4065 265 4122 irs
278 4063 425 4124 domosuc
438 4062 590 4134 citabitur,
600 4064 663 4124 loeo
677 4063 779 4124 sabtili-
834 4063 912 4122 nac
931 4057 1024 4123 rerba
1052 4059 1167 4144 optime
1185 4059 1376 4124 illustrantur
1399 4061 1460 4125 alio

151 4183 198 4230 ter
216 4183 246 4230 et
270 4170 316 4230 die
335 4173 365 4232 ci
376 4169 511 4255 prefixa.
555 4169 592 4231 Si
611 4182 780 4229 concentum
835 4167 907 4229 loco
924 4163 1067 4241 Saxonis,
1085 4162 1155 4226 libr.
1175 4167 1235 4244 xt,
1260 4163 1312 4227 ubi
1338 4163 1376 4228 de
1396 4169 1460 4230 Ha·

152 4277 326 4357 neglexerit,
349 4280 466 4337 tertium
486 4279 516 4336 in
536 4276 621 4336 domo
638 4273 702 4354 ejus
714 4293 778 4335 eum
835 4267 924 4333 raldo
949 4287 1021 4353 rege
1051 4268 1094 4332 ita
1122 4269 1272 4353 loquitutt
1307 4269 1461 4338 Adversus

153 4381 299 4451 ciebunt,
316 4384 397 4464 eique
412 4381 592 4452 vindicabunt,
615 4378 731 4462 quondo
749 4391 780 4438 et
835 4376 1086 4461 provocationem
1096 4377 1341 4462 restipulcndijus
1354 4377 1461 4461 edidit,

154 4485 316 4548 ιιῠίωηιὶε.
834 4483 1014 4568 prioresque
1036 4479 1220 4545 detensionis
1243 4495 1345 4566 partes
1370 4505 1462 4569 quun

199 4591 401 4677 'Sacrilegid
425 4595 468 4656 lta
491 4589 674 4678 Stephanins
701 4587 777 4672 legit
835 4587 1034 4651 accusationis
1069 4587 1269 4651 instrumenta
1312 4591 1462 4656 eonooesit

152 4715 212 4782 pro
225 4703 368 4784 sacrilego
383 4699 417 4776 in
435 4695 482 4762 ed.
504 4719 552 4779 pr.
838 4703 896 4756 eta.
931 4695 1033 4787 Quum
1045 4711 1159 4779 nempe
1173 4696 1252 4759 Saxo
1264 4693 1347 4760 lbet
1359 4695 1462 4760 verbis

201 4807 301 4868 'Reus
320 4806 460 4868 adsersus
482 4805 639 4866 testrinom'i
649 4793 780 4885 fulmen]
839 4796 982 4882 indigitat
995 4817 1111 4863 morena
1123 4800 1227 4878 illuns,
1254 4800 1385 4886 antiquis
1406 4821 1462 4866 no·

208 4927 263 4975 su.
278 4927 552 4974 aususausus
1193 4904 1269 5002 (34)

1156 5039 1162 5085 l
