3446 5458
370 309 442 384 188
508 339 511 356 ⁴
710 307 886 380 fflsrott
901 307 1006 377 DAN.
1024 305 1161 377 trouu
1181 307 1232 426 V.¹

243 563 247 575 ·
314 519 467 596 noribus
483 517 687 610 celebravit,
710 540 830 614 quem,
844 522 998 616 peractis
1015 515 1152 608 toedis¹,
1169 539 1298 614 magna
1319 518 1393 590 auri
1412 522 1610 614 argentique

314 665 455 722 summa
476 641 648 716 donatum
669 638 809 714 dimisit

445 768 556 867 igitur
568 759 746 836 Hsnunda
769 783 857 835 usus
875 761 1111 856 (Hunnorum.
1124 760 1204 836 haec
1216 767 1312 863 regis
1332 757 1406 834 lilio
1423 759 1525 853 erut),
1542 757 1608 831 ilc-

313 889 613 986 rentissimapace
627 885 818 1008 tp'ennium
834 881 968 957 duxit&
1000 887 1115 984 Cujus
1134 881 1430 972 contubernales,
1454 885 1530 956 otio
1548 907 1610 981 pe-

314 1009 497 1086 manuam
518 1012 631 1099 nucu,
652 1022 793 1105 partam
815 1006 936 1105 quiete
958 1004 1140 1081 lascivium
1164 1005 1437 1106 improbissimis
1462 1003 1611 1078 extulere

313 1131 519 1208 sceleribus.
569 1126 756 1223 Quosdam
771 1132 865 1202 enim
882 1127 1037 1202 restibus
1061 1133 1096 1202 in
1114 1129 1268 1204 sublime
1295 1129 1514 1230 pertractos³
1533 1151 1610 1198 mo-

312 1281 352 1330 re
366 1253 543 1355 agitabilis
567 1250 651 1351 pilae
674 1248 833 1350 pendula
856 1273 1053 1349 corporum
1076 1250 1304 1349 impulsione.
1321 1249 1520 1343 vexabant3
1544 1248 1629 1320 aliis

311 1373 500 1452 hoedtnum
543 1371 789 1448 incedentibus
826 1379 964 1448 corium
1001 1373 1269 1448 substernentes
1303 1371 1434 1446 lubrici
1467 1371 1610 1471 tergoris

191 1528 197 1536 ·
312 1494 530 1578 offendiculo
551 1521 619 1596 per
643 1493 827 1570 occultum
854 1495 950 1569 funis
977 1498 1121 1594 raptum
1144 1501 1306 1570 incautos
1321 1495 1499 1595 subegere
1511 1517 1609 1592 gres·

312 1645 394 1715 sus3
423 1619 514 1694 alios
529 1635 636 1695 'reste
652 1615 807 1692 nudatos
830 1621 937 1692 variis
960 1619 1154 1694 verberum
1182 1617 1368 1718 suppliciis
1395 1615 1610 1706 lacerabere

310 1745 402 1820 ulios
433 1741 543 1817 clavis
569 1740 713 1816 allisos⁴
734 1740 854 1840 laquei
877 1765 978 1814 more
1009 1743 1254 1840 suspensionis
1277 1739 1497 1814 mulctavere
1516 1736 1609 1812 ludi-

310 1868 403 1942 brie.
430 1864 665 1961 Quorundam
682 1863 808 1938 barboe
824 1879 860 1938 et
876 1865 1016 1974 verticis
1031 1864 1126 1963 pilos
1142 1863 1265 1937 faculis
1279 1877 1505 1958 torruerunt;
1539 1859 1609 1934 aliis

309 1989 447 2090 pubem
467 2004 575 2086 atque
587 1987 733 2084 inguina
748 1985 915 2085 subjecto
931 2001 1028 2060 torre
1046 1984 1263 2060 cremabant
1320 1989 1526 2090 Virginibus
1541 2015 1608 2062 nu-

310 2113 398 2186 bere
412 2135 485 2184 non
499 2108 647 2199 licebat,
669 2110 735 2181 nisi
751 2133 907 2208 quarum
938 2113 1080 2184 casune
1107 2111 1160 2183 eis
1190 2123 1272 2182 ante
1295 2108 1452 2185 delibata
1481 2111 1608 2186 fnium.

309 2233 475 2312 Adventu
493 2229 635 2304 ossibus
650 2230 978 2324 eonverbmabant3
1014 2229 1105 2306 ulios
1121 2229 1169 2304 ad
1182 2234 1489 2330 intemperantiam
1508 2259 1608 2308 com·

308 2353 436 2455 pulsos
455 2350 691 2427 immoderata
717 2357 862 2450 pnn'one
883 2351 1110 2452 rumpebant.
1174 2355 1312 2428 Nemini
1328 2351 1439 2428 filiam
1461 2373 1608 2457 nuptum

308 2475 396 2550 dare
409 2473 551 2568 licebat,
572 2476 638 2550 uisi
652 2477 766 2574 gretia
779 2478 941 2575 ipsorum
963 2476 1163 2575 furoreque
1189 2491 1356 2549 mercato.
1414 2476 1511 2554 Nulli
1528 2503 1606 2551 ma-

308 2600 512 2674 trimonium
527 2595 760 2672 contrahendi
777 2598 830 2672 fas
851 2617 939 2689 erat,
969 2603 1142 2672 sieorum
1157 2623 1231 2672 non
1255 2603 1372 2696 pretio
1393 2602 1608 2698 praesmissa

307 2745 500 2798 msam.
560 2722 735 2794 Prteterea
757 2745 832 2794 non
850 2726 885 2794 in
901 2723 1055 2820 virgines
1071 2720 1193 2810 modo,
1215 2744 1341 2794 verum
1355 2727 1461 2796 etiam
1477 2727 1514 2794 in
1527 2747 1606 2794 ma-

306 2861 491 2922 tronarum
519 2843 664 2916 turbam
691 2848 826 2941 passim
859 2842 1141 2918 dissolutissimae
1174 2841 1332 2918 libidinis
1367 2867 1444 2919 sure
1481 2843 1605 2946 flagitia

306 2981 551 3070 porrexerunt.
611 2965 758 3038 Mittam
779 2964 984 3066 petulantiae
1000 2965 1139 3039 rabiem
1158 2963 1293 3066 duplex
1313 2964 1447 3040 furoris
1472 2969 1604 3065 species

307 3089 473 3190 agrabat.
519 3087 697 3160 Convenis
719 3086 995 3188 hospitibusque
1010 3103 1221 3187 receptuum
1235 3085 1317 3162 loco
1332 3091 1495 3164 convicia
1509 3111 1604 3186 prae-

304 3211 491 3286 bebcntur.
549 3211 618 3283 Tot
630 3207 871 3298 ludibriorum
886 3212 1099 3286 irritamenta
1116 3211 1395 3312 apetuluntibus
1416 3227 1452 3286 et
1471 3209 1604 3285 lascivis

303 3349 447 3432 reperta
467 3346 559 3406 sunt
616 3329 717 3406 Adeo
740 3334 810 3407 sub
838 3359 925 3434 rege
944 3358 1060 3434 puero
1086 3339 1264 3408 temeritas
1287 3331 1451 3408 libertate
1480 3336 1603 3408 nutrita

304 3471 368 3540 est.
425 3453 519 3532 Nihil
543 3455 637 3530 enim
658 3471 795 3530 tantum
817 3456 991 3555 peccandi
1012 3455 1190 3531 licentiam
1207 3452 1402 3556 protrahit,
1433 3471 1601 3558 quantum

302 3577 445 3653 ultionis
462 3603 657 3680 poeneeque
673 3578 806 3654 dilatio.
847 3577 1120 3654 Temcffreuata
1136 3581 1287 3656 militum
1303 3579 1504 3680 procacitas
1534 3600 1600 3650 nou

282 3712 283 3715 ’
302 3705 429 3774 exteris
445 3715 593 3794 tantum,
611 3700 674 3775 sed
694 3703 799 3776 etiam
816 3707 941 3800 putrioe
956 3707 1109 3777 invisum
1126 3704 1259 3778 fecerat
1274 3727 1407 3802 regem.
1466 3699 1599 3776 Doleo·

346 3927 925 4020 ‘Peractistoedrs1Hocest‚persetls
1027 3941 1203 4024 ’Quosdam
1225 3939 1346 4000 restibus
1367 3940 1525 4003 thrubisine
1535 3963 1598 4028 per·

298 4043 423 4129 nuptiis.
473 4047 516 4106 lte
538 4039 637 4126 Virgii
652 4037 770 4104 AEneid.
791 4043 844 4121 tv,
867 4038 924 4106 182
981 4043 1107 4129 tractos]
1120 4042 1280 4112 Oscillatio
1294 4039 1476 4106 describitur
1489 4054 1599 4119 cosm,

297 4151 334 4212 Si
344 4173 402 4213 uon
416 4167 570 4238 pertesum
588 4149 712 4211 thalmai
725 4148 921 4235 turdoquesu‘·
980 4173 1039 4238 qus
1051 4153 1191 4215 nonnulli
1210 4147 1334 4214 funibus
1353 4149 1390 4212 de
1407 4148 1493 4234 tigno
1516 4147 1596 4212 arbo

298 4259 377 4318 s'sset.
979 4269 1052 4322 'reve
1063 4251 1200 4344 suspensi
1226 4257 1300 4322 binc
1316 4257 1402 4320 illiue
1426 4275 1481 4319 ceu
1498 4256 1594 4340 pilea

342 4363 463 4444 ’igitur
477 4359 629 4426 Habenda
642 4385 711 4425 usus
731 4399 755 4425 a.
770 4365 925 4425 trr'emuirm
979 4361 1139 4448 juvenibus
1146 4361 1354 4450 petulantibus
1361 4361 1465 4427 librati
1478 4360 1595 4425 suerint.

296 4463 396 4547 duar't]
414 4465 591 4530 Lentonem
613 4465 754 4532 editionis
775 4465 922 4552 principie
1022 4471 1147 4535 ⁴Claair
1161 4467 1341 4556 affixos]1te
1354 4468 1461 4532 scribit
1474 4465 1594 4552 Stepha-

295 4571 445 4637 retoceti.
470 4575 505 4636 ln
528 4569 662 4636 editions
683 4573 843 4660 stephanii
857 4571 924 4636 baec
976 4575 1043 4639 nius
1056 4595 1115 4662 pro
1135 4579 1215 4640 ciacc
1238 4576 1271 4639 in
1291 4573 1350 4640 Ed.
1364 4597 1423 4660 pn,
1439 4571 1594 4661 quadren-

294 4678 339 4743 itu
367 4676 563 4762 legebanturt
612 4683 711 4764 lgt'tur
740 4681 922 4744 Houuudcm
976 4703 1044 4747 sum
1069 4683 1167 4746 minut
1191 4679 1383 4748 commodum
1407 4677 1533 4745 strodere
1556 4675 1593 4744 ri.-

294 4783 318 4863 (
311 4789 485 4848 Hunnorum
501 4787 559 4847 doec
579 4787 733 4868 regisfiirb
756 4788 838 4865 orat)
852 4811 921 4849 usas
979 4787 1074 4852 detur.

286 4895 496 4973 florentissima
516 4895 635 4952 trt'ennis'
650 4916 725 4977 pace
747 4893 840 4954 duait.
