3446 5458
368 311 441 390 158
497 256 504 270 ·
684 311 880 385 utsrott.
894 312 1001 384 DAN.
1015 311 1154 384 LIBER
1170 312 1227 384 tv.

317 526 424 600 etiam
437 547 590 623 reguum
608 521 699 620 ejus,
723 521 746 594 a
768 547 846 622 quo
865 521 1011 598 ereum
1031 520 1175 600 iuu‘diaa
1194 537 1363 622 expersus
1375 523 1504 616 loun,
1526 545 1616 597 con-

316 651 454 746 spicuae
474 643 662 745 probitatis
685 643 859 742 operibus
882 649 1106 744 occupasset
1172 631 1419 739 Quamobrem
1439 647 1562 720 mirari
1582 669 1618 718 se

318 783 390 842 tam
403 765 532 843 erudiri
549 767 681 868 ingenii
706 761 823 842 virum
845 791 919 840 uno
942 773 1149 868 nuptiarum
1175 785 1300 842 errore
1319 767 1524 843 labefactari
1546 793 1618 868 po-

317 891 435 984 tuisse,
450 889 652 989 quiquam
669 887 844 964 humanas
852 913 958 988 paene
969 915 1029 994 res
1038 891 1196 966 claritate
1205 887 1458 983 tmtusoendet,
1470 891 1619 991 inigne-

318 1014 429 1088 bilem
446 1011 715 1110 obscuramque
735 1011 905 1112 copulam
924 1012 1119 1114 prolapsus
1133 1011 1306 1090 rideatur.
1366 1013 1512 1112 Quippe
1529 1035 1617 1086 con-

316 1139 443 1238 jugem
460 1136 540 1235 ejus
551 1137 665 1208 servis
681 1134 891 1234 parentibus
911 1161 1001 1231 esse,
1035 1160 1244 1237 quanquam
1267 1157 1330 1209 eos
1347 1133 1493 1208 fortuna
1516 1134 1621 1234 regiis

317 1257 520 1336 bonoribus
543 1261 757 1332 exornasset.
819 1259 858 1328 ln
881 1256 1102 1358 expetendis*
1120 1258 1300 1360 siquidem
1325 1258 1504 1356 conjugiis
1528 1279 1621 1353 pru-

318 1383 414 1458 denti
432 1405 506 1454 non
523 1377 650 1452 formae
664 1377 856 1477 fulgorem,
869 1378 934 1454 sed
949 1385 1090 1480 generis
1114 1379 1343 1456 metiendum.
1394 1381 1621 1477 Quapropter

318 1511 348 1584 si
373 1506 440 1580 rite
462 1501 633 1603 copulam
657 1515 820 1599 appetat,
845 1509 1053 1601 prosapiam
1084 1507 1234 1578 aestimet
1261 1525 1331 1574 neo
1356 1505 1480 1599 speeie
1497 1501 1621 1600 capia-

318 1645 396 1722 tur,
422 1651 506 1727 quse
520 1649 635 1725 quum
656 1621 906 1698 illecebrarum
930 1625 1189 1698 irritamentum
1213 1628 1274 1715 sit,
1306 1620 1506 1698 multorum
1533 1647 1622 1697 can-

319 1750 448 1826 dorem
469 1753 619 1824 inaniter
641 1745 760 1822 fucata
777 1745 932 1822 detersit
983 1751 1073 1823 Esse
1101 1771 1201 1842 vero,
1223 1769 1335 1846 quam
1356 1743 1425 1828 sibi
1437 1743 1623 1822 nobilitate

215 1950 235 1976 κ
318 1897 446 1974 parem
466 1875 641 1946 asciscere
661 1871 782 1968 possit.
850 1871 894 1943 Se
912 1869 1110 1971 siquidem,
1139 1895 1206 1946 nec
1229 1867 1342 1944 rebus
1370 1882 1515 1942 tenue·
1558 1891 1623 1941 nec

318 1999 492 2096 sanguine
508 1991 700 2084 humilem,
730 1993 810 2091 ejus
826 1991 1051 2093 amplexibus
1073 1993 1239 2070 idoneam
1254 1992 1345 2083 fore,
1369 2006 1498 2091 utpote
1514 2013 1622 2092 quam

295 2109 299 2120 ¹
320 2143 388 2194 nec
409 2117 517 2218 regiis
532 2115 665 2216 opibus
692 2118 810 2190 vincat
833 2141 900 2190 nec
915 2119 1012 2192 avito
1027 2115 1222 2216 splendore
1234 2113 1429 2216 praecellat.
1482 2117 1623 2213 Quippe

303 2228 482 2342 'reginam
497 2263 538 2314 se
554 2262 642 2328 esse,
661 2251 707 2327 et,
721 2240 786 2311 nisi
802 2237 1044 2339 refragaretur
1059 2263 1177 2332 sexus,
1191 2263 1315 2340 regem
1328 2237 1519 2312 existimari
1531 2261 1621 2336 pos-

320 2387 382 2458 ως
401 2368 485 2455 imo,
519 2357 620 2458 quod
637 2364 756 2434 verius
782 2373 853 2451 est,
878 2341 1135 2461 quemdunque
1154 2379 1235 2436 toro
1251 2385 1318 2438 suo
1339 2359 1485 2460 dignata
1508 2359 1622 2451 fuerit,

319 2509 445 2587 regem
459 2487 627 2572 existere·
642 2507 869 2582 regnumque
883 2507 923 2558 se
939 2509 1023 2558 cum
1039 2482 1266 2584 amplexibus
1286 2481 1381 2557 dare.
1433 2485 1486 2556 Itu
1500 2499 1537 2557 et
1548 2509 1622 2556 nu-

321 2615 407 2712 ptiis
424 2623 607 2708 sceptrum
635 2617 670 2678 et
691 2620 836 2704 sceptro
853 2609 998 2704 nuptias
1012 2605 1243 2706 respondere.
1301 2609 1375 2679 Nec
1389 2611 1491 2706 parvi
1506 2604 1622 2680 bene-

321 2734 392 2808 ficii
407 2755 496 2822 esse,
512 2751 591 2802 eam
600 2727 769 2826 proprios
783 2726 912 2805 offerre
925 2728 1123 2828 amplexus,
1138 2753 1220 2828 quae
1238 2733 1331 2804 circa
1345 2728 1438 2804 alios
1454 2727 1623 2802 terrore-

320 2855 465 2959 pulsum
484 2853 613 2950 exequi
625 2866 867 2924 consueverat
929 2854 1103 2926 Hortatur
1128 2852 1259 2950 itaque,
1276 2849 1443 2952 placendi
1466 2847 1624 2924 studium

320 2982 358 3054 iu
377 3003 417 3054 se
429 2961 628 3064 transierat,
655 2977 689 3044 in
708 2994 748 3044 se
764 2989 887 3046 votum
904 2972 1065 3074 nuptiale
1084 2973 1268 3065 deflectat,
1290 2965 1478 3075 genusque
1493 2971 1624 3045 'forma

320 3099 492 3200 preferre
516 3093 640 3171 ducat.
701 3097 788 3168 Haec
811 3092 932 3172 dicem
957 3099 1109 3171 asticis
1130 3100 1166 3170 in
1184 3121 1267 3171 eum
1281 3093 1532 3195 complexibus
1546 3095 1624 3168 ruit

452 3219 529 3312 llle,
544 3222 726 3294 tamcomi
746 3217 893 3316 virginis
915 3216 1063 3318 eloquio
1079 3218 1292 3310 delectatus,
1321 3224 1357 3292 in
1384 3233 1512 3292 mutua
1532 3241 1625 3316 pre-⁴

322 3348 458 3445 rumpit
471 3339 608 3435 oscula,
616 3340 773 3416 alternos
788 3337 1043 3440 complexuum
1056 3340 1174 3416 nodos
1187 3347 1354 3434 comate,-
1364 3335 1625 3440 sibique,eprod

322 3467 464 3568 virgini,
488 3467 661 3566 placitum
676 3479 901 3565 protestatur.
962 3463 1019 3538 Fit
1037 3461 1168 3538 deinde
1191 3463 1408 3555 convivium,
1431 3465 1624 3538 accersun-

322 3605 384 3666 tur
406 3592 530 3681 amici,
555 3599 791 3686 corrogantur
804 3589 1000 3685 primores,
1031 3590 1166 3686 nuptiae
1186 3603 1419 3686 peraguntur.
1486 3583 1624 3680 Quibus

323 3709 492 3812 expletis,
523 3724 732 3808 cumnupta
751 3711 966 3782 britanniam
988 3713 1134 3808 repetit,
1166 3706 1286 3784 valida
1306 3708 1498 3784 Scotorum
1520 3731 1623 3782 manu

323 3835 478 3936 propius
497 3832 672 3929 subsequi
688 3831 798 3930 jussa,
821 3833 927 3931 cujus
943 3855 1057 3930 opera
1072 3829 1264 3906 adversum
1287 3833 1406 3906 varies
1420 3829 1623 3906 insidiarum

324 3955 492 4056 objectus
507 3969 678 4028 uteretur.
737 3951 914 4028 Redeunti
928 3955 1119 4028 Britannici
1145 3954 1241 4055 regis
1254 3951 1340 4047 lilia,
1366 3975 1479 4052 quam
1493 3957 1624 4028 inmu-

324 4076 493 4155 tritnonio
509 4073 682 4172 hmebat,
695 4081 861 4151 occurrit.
914 4079 1003 4170 Quae
1021 4079 1231 4177 quanquam
1243 4073 1283 4152 se
1298 4074 1533 4176 superductae·
1543 4075 1624 4177 pu·

323 4199 401 4276 licis
420 4198 550 4299 injuria
570 4196 694 4274 laesam
714 4215 944 4298 quereretur,
977 4197 1162 4299 indiguum
1185 4215 1305 4272 tamen
1327 4197 1460 4298 ajebat,
1482 4195 1626 4272 maritali

325 4324 448 4426 gratiae
470 4321 659 4423 pellicatus
680 4321 805 4397 odium
829 4322 1150 4422 anteferri-neque
1172 4345 1211 4396 se
1233 4320 1327 4394 adeo
1343 4323 1464 4396 uirum
1481 4344 1625 4398 aversa·-

325 4461 454 4539 tumm,
480 4461 531 4540 ut,
548 4443 652 4544 quod
665 4450 695 4518 ei
711 4443 973 4518 fraudulentius
990 4446 1151 4518 intentari
1173 4448 1273 4534 sciat,
1287 4442 1429 4520 silentio
1451 4443 1626 4520 occultare

325 4572 507 4642 sustineat.
557 4567 702 4642 Habere
716 4573 812 4641 enim
830 4591 869 4640 se
886 4567 1017 4665 pignus
1033 4569 1191 4667 conjugii
1202 4565 1342 4660 filium,
1374 4567 1483 4664 cujus
1507 4563 1627 4640 saltem

326 4701 513 4786 respectus
542 4689 776 4787 conjugalem
808 4695 909 4761 matri
940 4691 1143 4762 caritatem*
1156 4689 1410 4763 commendare
1446 4687 1624 4762 debuerat

179 4903 182 4911 Ι
326 4813 411 4910 lpse
422 4809 528 4899 enim,
551 4813 679 4907 inquit,
702 4813 914 4885 matrissuae
930 4809 1098 4913 pellicem
1111 4810 1246 4918 oderit·
1264 4837 1332 4915 ego
1350 4809 1516 4910 diligam3
1532 4832 1625 4883 meos
