3442 5456
371 301 447 379 ete
708 297 885 374 aaron
900 301 1009 374 osu.
1023 303 1163 377 amru
1180 274 1256 376 rt'

276 496 281 506 ’
319 535 364 589 ac
377 534 544 610 preceps
558 513 623 589 iter
642 509 820 609 explicuit,
836 507 1057 612 tandemque
1067 511 1200 614 ,lagelli
1217 513 1371 611 hospitio
1385 535 1484 604 tuuc,
1503 511 1622 600 sedan

319 633 520 732 majoribus
534 633 741 710 destinatam
756 658 823 710 suo
840 657 940 709 ruore
957 635 1172 712 conscendit.
1201 719 1205 726 ,
1238 641 1384 736 Quippe
1403 635 1504 736 apud
1525 637 1621 733 prio-

318 761 368 830 ris
382 756 495 834 secoli
507 781 614 856 reges
626 755 888 856 amplissimum
911 756 1088 857 dignitatis
1104 757 1265 858 gradtau
1280 760 1448 844 obtinere
1468 781 1621 834 conere-

320 897 426 954 verat.
478 882 594 972 Quem
610 905 692 957 cum
716 881 838 975 regina
861 879 1033 977 squalore
1058 881 1507 981 eliciturusordidisqueet
1521 905 1621 980 agre-

320 1002 435 1080 stibus
450 1006 577 1099 pannis
591 1017 745 1076 utentem
763 1003 918 1100 ingressa
935 1005 1166 1100 conspiceret,
1192 1005 1244 1078 oh
1267 1003 1528 1092 deformitatem
1541 1003 1621 1078 ool-

319 1141 376 1200 ttts
391 1149 519 1222 parum
535 1127 674 1198 curioso
693 1122 845 1221 hospitis
860 1127 1060 1200 montoir
1080 1127 1201 1201 effecta
1211 1179 1223 1218 ,
1244 1127 1427 1225 simulque
1450 1133 1571 1208 ,virum
1584 1151 1622 1198 cx

320 1263 417 1322 tecte
432 1252 592 1339 metiens,
599 1243 796 1322 stoliditatis
807 1251 1029 1344 increpitum,
1045 1247 1147 1346 qaod
1163 1252 1318 1346 majores
1330 1247 1514 1330 discubitu
1528 1271 1622 1346 prte-

317 1370 486 1447 cutrisset
510 1395 553 1456 ac
568 1369 691 1444 sedem
704 1372 837 1444 suadeo
856 1370 954 1447 cultu
975 1369 1155 1468 indignam
1171 1389 1394 1470 occupasset,
1418 1373 1502 1448 loco
1523 1392 1623 1447 enoe-

319 1492 403 1564 dere
417 1495 533 1592 jussit,
556 1517 602 1564 ne
615 1491 816 1592 pulvinaria
834 1494 987 1585 tetriore,
1008 1517 1119 1590 qutun
1136 1519 1206 1592 par
1219 1509 1324 1584 esset,
1343 1493 1468 1571 habitu
1482 1507 1622 1569 come·

318 1631 437 1692 claret.
487 1613 593 1708 Quod
612 1619 706 1690 enim
721 1613 782 1688 ille
799 1640 841 1688 en
855 1613 987 1689 fiducia
1003 1615 1148 1712 agebat,
1172 1615 1353 1692 stoliditati
1377 1615 1488 1716 atque
1500 1619 1621 1713 impu-

189 1765 190 1772 *
318 1737 444 1810 dentite
457 1736 664 1834 deputabat,
681 1743 812 1834 ignara,
829 1737 1009 1836 aliquanto
1022 1735 1250 1836 splendidius
1262 1755 1416 1815 mentem
1430 1761 1543 1836 quatu
1561 1759 1621 1812 ve-

317 1877 408 1935 stem
425 1866 459 1934 in
476 1859 620 1937 sublimi
634 1861 755 1936 lucere
772 1885 949 1936 consessu.
1005 1863 1123 1936 Paruit
1136 1867 1319 1938 animosus
1341 1885 1467 1953 senex,
1490 1864 1620 1938 unctu

318 1985 464 2084 repulsa
478 2007 592 2084 aeger,
620 1982 889 2081 indebitamque
908 1983 1100 2061 fortitudini
1122 2009 1197 2058 suae
1214 1984 1468 2068 contumellam
1480 1984 1620 2084 egregio

318 2112 426 2187 animi
451 2125 734 2214 temperamento
765 2111 984 2206 suppressit,
1014 2123 1200 2206 acceptum
1229 2108 1414 2192 meliorem-
1437 2133 1506 2188 nec
1541 2131 1621 2178 root

318 2259 385 2310 nec
405 2237 538 2331 gemitu
558 2245 780 2328 prosecutus.
853 2233 926 2302 Nec
946 2245 1066 2316 tamen
1082 2235 1218 2324 tocitmu
1239 2230 1375 2308 doloris
1397 2229 1619 2314 werbitatem

319 2381 466 2456 prorsus
493 2353 672 2428 occultare
690 2353 862 2440 sustinuit
928 2355 1132 2450 Esset-gens
1155 2359 1250 2438 anim
1276 2370 1386 2453 atque
1408 2359 1444 2427 ia
1469 2350 1618 2427 ultimam

317 2480 407 2556 aedis
421 2495 560 2576 partem
577 2476 761 2564 secedens,
784 2473 963 2573 adeoipsa
980 2478 1154 2574 patietom
1178 2476 1311 2550 robora
1326 2474 1469 2562 demissi
1484 2499 1617 2571 corpo·

316 2607 364 2680 ris
382 2599 539 2699 impulsu
556 2599 734 2686 contudit,
760 2612 799 2672 nt
815 2613 944 2672 tectum
963 2602 1064 2673 ruina
1084 2625 1187 2697 paene
1200 2601 1325 2673 crinio
1343 2601 1532 2698 tignorum·
1546 2613 1617 2671 tne-

315 2723 496 2823 pidtttione
520 2723 773 2798 submitteret
835 2725 917 2813 Quo
939 2724 1066 2811 evenit,
1082 2738 1120 2794 ut
1143 2747 1217 2810 non
1232 2721 1351 2798 solam
1366 2720 1529 2818 reltulsa,
1559 2715 1617 2794 sed

315 2849 418 2920 etiam
439 2845 661 2942 exprobrator
680 2844 749 2918 sibi
762 2845 980 2942 paupertatis
995 2844 1185 2941 ignominia
1203 2843 1397 2935 lacessitus,
1420 2849 1617 2919 cumcurn

314 2969 506 3044 adversum
524 2966 819 3042 contumeliosam
834 2968 962 3065 regine
981 2947 1109 3044 vocem
1118 2966 1342 3042 irrevocabili
1351 2967 1537 3044 severitate
1552 2962 1616 3036 dc-

315 3097 510 3190 stringeret.

446 3217 562 3306 Quem
584 3237 670 3286 curu
693 3209 857 3310 lupellus,
880 3235 901 3284 a
927 3214 1113 3286 venatione
1140 3235 1332 3313 regressus,
1366 3207 1616 3284 curiosioribus

313 3334 428 3408 oculis
442 3334 703 3425 collustratum,
726 3359 790 3407 nec
804 3359 844 3406 os
870 3359 1023 3430 usquam
1039 3335 1203 3408 hilariter,
1214 3333 1521 3408 circumferentem
1556 3355 1614 3401 nec

312 3483 352 3531 se
382 3456 593 3556 assurgendi
615 3459 733 3532 officio
763 3475 991 3531 venerantem
1016 3443 1327 3550 animadverteret,
1353 3453 1611 3556 ⁴Stareatlterum

311 3605 443 3680 parum
469 3563 613 3652 blandae
636 3581 761 3656 frontis
790 3587 1015 3656 annotatione
1037 3588 1211 3684 cognovit.
1273 3585 1362 3652 Nam
1390 3606 1473 3652 eum
1497 3599 1612 3650 suanus

311 3705 390 3801 ejus
413 3701 546 3776 bellico
558 3729 669 3802 opere
696 3704 859 3796 duratas,
882 3707 1061 3786 cicatrices
1090 3704 1242 3779 adverso
1276 3727 1431 3802 corpote
1448 3715 1612 3798 exceptas,

310 3828 598 3924 acerrimumque
611 3827 800 3900 oculorum
817 3835 976 3928 vigorem
993 3826 1196 3919 attenderet,
1213 3824 1610 3919 animadvertitaequa-

310 3973 419 4046 qoem
444 3950 564 4022 enervi
584 3956 704 4022 animo
726 3936 821 4042 es'se,
852 3955 959 4051 cujus
982 3975 1115 4048 corpuc
1140 3967 1234 4022 tanta
1262 3949 1452 4023 vulnerum
1477 3946 1607 4042 vestigia

309 4070 562 4146 confodissent.
624 4071 858 4172 Objurgatam
883 4078 988 4173 igitur
1009 4098 1157 4147 uxorem
1173 4075 1367 4170 impensius
1394 4071 1546 4160 monuit,
1576 4079 1607 4140 ut

309 4191 453 4303 abjecto
472 4195 602 4267 irarum
618 4194 824 4294 supercilio,
847 4223 956 4293 quem
976 4198 1137 4273 convicio
1153 4198 1311 4270 insecuta
1326 4195 1450 4294 fuerat,
1473 4189 1606 4266 blandi-¹

308 4461 562 4546 compendiarias,
578 4463 688 4548 quibus
701 4461 941 4526 locotumiuter-
996 4481 1075 4540 nem,
1096 4459 1167 4524 dam
1180 4460 1337 4538 recideret,
1356 4459 1553 4532 concutiente,
1563 4473 1604 4518 rc·

308 4567 388 4633 rolla
411 4569 616 4636 contraheret.
993 4565 1147 4652 spondeat
1161 4566 1208 4647 iis,
1231 4589 1301 4652 qao
1320 4587 1412 4651 supra
1434 4577 1549 4630 mnata
1562 4560 1605 4624 lu·

355 4677 417 4736 'Ut
439 4691 545 4738 tectum
562 4680 648 4744 torna
667 4699 750 4762 pane
771 4719 793 4736 ..
815 4679 932 4738 submit·
993 4687 1096 4752 erunt,
1116 4673 1272 4758 quomodo
1288 4673 1369 4738 idem
1389 4672 1481 4777 poros
1501 4683 1603 4756 petrum

309 4775 395 4858 teret]
422 4779 500 4869 Qua
527 4781 577 4845 hic
598 4793 761 4844 armantur
783 4780 821 4844 dc
847 4786 931 4846 Star-
992 4779 1169 4844 decubantis
1190 4781 1331 4866 corporis
1363 4779 1555 4864 impressiore
1572 4771 1602 4836 ri·
1702 4823 1703 4850 ,

307 4881 433 4946 catheco
456 4896 553 4952 totam
576 4885 697 4952 *edificii
728 4883 933 4969 contignatio·
989 4901 1116 4971 goestei.
