3476 5460
372 257 448 334 408
706 257 1161 332 sustenementum
1180 255 1268 332 Vlii.

324 488 469 540 versum
484 485 583 562 quos
596 459 786 538 identidem
804 465 842 536 in
854 465 949 540 Jntia
967 463 1162 564 pmltams,
1179 461 1355 540 infelicem
1370 483 1506 562 pugne
1523 484 1629 538 even-

324 603 400 660 tum
415 583 552 659 habuit.
601 587 683 676 Quo
701 588 818 659 evenit
826 639 837 679 ,
862 601 902 660 ut
920 589 1046 663 Soanta
1063 589 1233 684 tutisque
1249 601 1389 676 exutus,
1403 582 1524 660 media
1537 581 1633 660 dnn·-

324 725 419 782 taxat
437 711 533 808 regni
552 704 659 780 vetuti
677 705 854 804 quasdam
870 711 964 782 exesi
986 710 1150 807 corporis
1166 723 1285 807 partes
1317 711 1394 782 sine
1410 708 1531 806 eapite
1548 706 1632 778 reti·

326 847 432 904 noret.
494 831 710 902 Jarmericus
727 855 769 902 ex
785 855 830 904 eo
853 836 996 930 genitus
1032 857 1116 906 cum
1130 829 1317 906 sororibus
1331 827 1532 904 admodum
1549 853 1633 926 par·

326 951 419 1026 vulis
437 949 561 1047 praeda
584 949 747 1024 hostibus
763 951 845 1027 suit:
878 978 1032 1050 quarum
1049 952 1160 1028 altera
1182 953 1504 1052 Nomagiensibus,
1532 953 1633 1050 altera

327 1075 530 1162 Germanis,
554 1071 656 1171 quod
670 1074 807 1148 venalia
822 1075 1010 1175 quondam
1027 1075 1193 1152 solebant
1212 1099 1293 1150 esse
1310 1076 1527 1168 connubia¹,
1549 1099 1633 1174 pre-

326 1199 375 1272 tio
391 1193 588 1270 venditata²
607 1213 670 1270 est.
724 1201 849 1295 Itaque
871 1201 1058 1272 Danorum
1075 1223 1226 1298 regnum
1244 1197 1433 1272 fortissime
1449 1221 1634 1296 propaga-

325 1333 400 1394 tum
409 1372 419 1409 ,
449 1319 552 1390 tantis
567 1321 672 1392 etiam
691 1321 871 1418 majorum
886 1319 993 1394 titulis
1009 1319 1232 1412 illustratum,
1248 1335 1299 1392 tot
1314 1321 1469 1394 victoriis
1487 1336 1634 1406 auctum,

325 1441 376 1516 ob
399 1446 504 1516 unius
521 1442 587 1512 viri
605 1421 762 1514 inertiam
790 1467 832 1516 ex
858 1467 1001 1516 summo
1027 1447 1140 1516 nitore
1160 1441 1312 1516 touunae
1336 1458 1371 1516 et
1394 1439 1633 1516 florentissimo

326 1589 450 1638 rerum
469 1580 563 1637 statu
590 1589 635 1638 eo
654 1567 854 1664 ignominiae
878 1565 1058 1664 pervenit,
1089 1580 1128 1638 ut
1149 1570 1369 1661 pensionem,
1403 1588 1516 1664 quam
1541 1565 1633 1663 priua

326 1686 501 1786 exigebat,
515 1686 722 1760 exsolveret.
775 1687 957 1786 Syvardus
978 1703 1108 1780 autem,
1126 1692 1258 1784 saepius
1274 1688 1421 1762 victoria
1448 1710 1571 1760 mssus
1595 1681 1633 1758 ac

328 1807 545 1882 deformium
561 1807 729 1908 fugarum
746 1833 847 1899 reus,
872 1825 956 1909 post
978 1825 1030 1884 tot
1047 1809 1225 1906 majorum
1242 1809 1376 1886 decora
1399 1811 1436 1882 in
1463 1825 1537 1882 tam
1549 1831 1633 1882 eru·

327 1929 510 2004 bescendo
525 1937 649 2028 patriae
663 1945 756 2004 statu
781 1931 930 2006 confusa
948 1938 1046 2034 regni
1068 1931 1313 2032 gubernacula
1328 1948 1469 2032 gestare
1485 1955 1558 2004 non
1571 1953 1633 2004 su-

328 2057 470 2141 stinens,
497 2077 543 2124 ne
560 2049 761 2128 diuturnior
778 2055 850 2128 vita
873 2054 921 2129 ad
937 2073 1129 2130 extremam
1151 2053 1275 2153 gloriae
1301 2056 1477 2153 jacturam
1500 2058 1632 2152 pertin·

326 2189 446 2272 geret,
469 2175 672 2272 speciosum
701 2174 771 2248 sibi
788 2175 901 2250 fatum
914 2203 1039 2276 pugna
1061 2203 1188 2276 parere
1215 2179 1434 2276 properavit
1496 2178 1631 2273 Quippe

328 2321 525 2370 memorem
565 2296 774 2372 calamitatis
803 2285 962 2374 animum
990 2295 1215 2400 deponendae
1240 2279 1472 2400 'oegntudinis
1506 2295 1630 2396 cupido

328 2417 449 2492 salutis
472 2418 613 2494 fastidio
631 2420 825 2496 cruciabat.
875 2422 976 2496 Adeo
999 2420 1162 2498 demendi
1182 2422 1328 2497 ruboris
1350 2420 1509 2496 studium
1520 2419 1630 2492 tuem

329 2545 360 2612 ei
383 2541 533 2614 invisam
561 2540 734 2616 effecerat.
793 2548 905 2642 Igitur
930 2551 1146 2644 comparatis
1174 2571 1310 2644 pugnae
1333 2545 1470 2643 copiis,
1485 2541 1624 2614 Simnni‘

286 2715 289 2724 ,
329 2663 482 2756 cuidam,
506 2665 576 2738 sub
596 2669 731 2738 cataro
755 2668 917 2739 Scauiam
940 2670 1163 2766 procuranti,
1191 2666 1328 2742 bellom
1353 2681 1477 2764 aperte
1493 2663 1628 2738 denun-

328 2785 408 2858 ciat.
461 2785 570 2877 Quod
584 2785 767 2861 obstinatis
791 2790 993 2864 temeritatis
1009 2789 1144 2865 viribus
1162 2779 1339 2879 executus,
1355 2792 1475 2863 oedso
1489 2789 1628 2872 Simone,

329 2931 396 3004 per
409 2931 585 2980 summam
604 2906 760 2982 hostium
776 2928 931 3010 stragem
947 2914 1055 2986 vitam
1063 2912 1211 2986 finiun.
1236 2892 1389 2985 Patriam
1405 2927 1525 2984 tamen
1538 2931 1626 3006 pre·

328 3025 464 3102 standan
480 3030 659 3126 pensionis
679 3054 787 3104 onere
801 3031 954 3107 liberare
969 3037 1141 3132 nequivit.

462 3151 600 3224 interea
619 3152 834 3228 Jarmericus
853 3156 955 3254 apud
982 3181 1104 3255 regem
1127 3154 1339 3248 §clavorum
1358 3159 1535 3230 Ismarum
1554 3177 1624 3228 cum

329 3293 453 3344 coaevo
469 3271 538 3346 sibi
565 3272 812 3374 collaeteoque
827 3281 1003 3353 Gunnone
1026 3279 1208 3376 conjectus
1225 3282 1261 3350 in
1278 3303 1458 3352 carcerem
1483 3283 1625 3376 cepn'vus
1709 3315 1710 3328 κ

330 3391 497 3492 degebat.
558 3395 639 3486 Quo
663 3395 809 3470 demum
825 3417 947 3474 erutus
969 3419 1078 3503 atque
1094 3399 1280 3478 exercendi
1295 3405 1388 3474 ruris
1402 3399 1552 3474 culture
1565 3423 1625 3496 ap·

328 3511 479 3610 plicatus
496 3520 667 3590 rusticum
682 3544 776 3618 opus
795 3529 990 3622 exequitur.
1051 3526 1108 3597 Ob
1125 3527 1231 3624 cujus
1246 3527 1551 3622 promptissimam
1565 3519 1627 3594 ad·

330 3637 620 3709 ministrationem
643 3639 689 3712 ad
714 3645 888 3742 regalium
912 3651 1171 3748 mancipiorum
1194 3647 1440 3746 magisterium
1466 3645 1626 3720 transser-

330 3773 398 3830 tur.
456 3763 511 3830 Eo
529 3786 680 3859 quoque
698 3765 930 3842 sincerissime
947 3788 1066 3870 gesto,
1081 3773 1115 3842 iu
1133 3771 1414 3844 necessariorum
1435 3771 1530 3866 regis
1550 3791 1627 3866 gre·

329 3905 410 3982 gem
425 3889 623 3954 assumitur.
677 3885 744 3958 Ubi
758 3915 873 3986 quum
890 3918 929 3966 se
945 3895 1044 3991 juxta
1060 3893 1258 3966 aulicorum
1276 3893 1384 3963 ritum
1399 3892 1540 3988 egregia
1552 3915 1628 3962 mo·

331 4029 413 4078 rum
433 4010 638 4078 amoenitate
650 4011 824 4108 gessisset,
850 4013 954 4088 brevi
971 4021 1006 4088 iu
1022 4020 1219 4088 amicorum
1233 4036 1426 4086 nurnerum
1454 4011 1629 4086 translatus
1708 4099 1709 4114 χ

379 4301 520 4363 'Venalt'a
534 4305 957 4385 quotidemsolcbmttessacon·
1062 4307 1215 4387 ³St'mour']
1242 4310 1300 4374 Vix
1329 4311 1407 4372 ullus
1427 4308 1488 4370 hoc
1519 4307 1628 4369 nomine

333 4403 433 4482 arabia]
462 4409 607 4492 Respexit
629 4415 739 4474 Noster
763 4413 845 4476 haud
867 4415 958 4480 dubie
1015 4437 1084 4478 usus
1097 4414 1349 4480 resScaniaeante
1363 4415 1541 4496 religionem
1551 4411 1628 4476 ctri-

333 4505 370 4568 ad
385 4529 429 4588 ea,
442 4535 511 4598 quae
527 4513 591 4597 ipse
609 4537 700 4600 supra
717 4541 747 4603 p.
766 4517 828 4581 935
849 4521 957 4584 attule-
1016 4522 1143 4600 stianam
1159 4521 1362 4583 introductam
1377 4521 1559 4604 procuravit.

333 4625 380 4676 rat
394 4616 431 4677 de
445 4617 562 4702 legibus
580 4621 746 4685 Frothonis
771 4627 877 4689 Tertii.
1062 4631 1187 4690 ⁴Vitam
1200 4624 1320 4711 finiuit]
1345 4624 1576 4693 Observationes
1599 4619 1626 4681 iu

378 4722 587 4804 ²chdr'tuta]
618 4727 801 4814 stephanius
840 4735 871 4796 in
902 4757 953 4798 sua
1013 4733 1170 4798 historiam
1189 4729 1316 4814 Syvardi
1340 4732 1421 4818 regis
1443 4729 1503 4794 vid.
1522 4729 1551 4792 in
1571 4735 1626 4788 not.

334 4823 404 4886 edit.
417 4829 518 4909 posuit
531 4835 658 4896 verudata.
965 4919 971 4930 .
1014 4836 1097 4901 uber.
