3446 5458
610 225 796 356 ιιιὸιιιο
820 285 875 356 ιιι.
1270 287 1341 362 ιιι
1378 273 1383 280 ’

94 489 262 566 concham
279 496 550 592 transpositum
564 507 777 594 partemque
791 490 902 591 pultis
912 497 1088 592 potiorem
1103 494 1268 574 abErioo
1283 525 1392 576 eom-

94 639 183 692 esam
221 621 408 716 cognovit,
449 615 632 690 fortunam
678 611 753 688 lilio
783 631 1024 714 prosperatum
1052 619 1220 718 privigno
1249 624 1394 700 cessisse

94 735 281 812 condoluit.
334 739 400 812 Coi
417 763 501 812 mox
526 734 756 837 gemebunda
771 736 978 836 supplicare
1003 744 1132 838 coepit,
1162 767 1209 816 ne
1232 767 1394 844 unquam

94 885 152 934 sua
174 859 320 936 lratrem
337 885 412 960 ope
427 857 616 948 deficeret,
645 883 756 958 quem
777 863 890 958 ipsios
904 877 1018 936 mater
1031 877 1084 935 tot
1097 885 1202 938 novoe
1219 864 1395 944 felicitatis

95 981 220 1080 opibus
242 983 471 1060 cumulasset.
540 983 684 1080 Quippe
713 979 842 1080 sapido
866 983 981 1092 untur,
999 982 1095 1082 epuli
1119 1003 1230 1084 gustu
1250 991 1396 1068 rationis

95 1121 195 1203 atque
223 1105 438 1204 eloquentior
462 1126 640 1181 summam
657 1127 798 1178 necnon
824 1101 1069 1204 gerendorum
1097 1130 1274 1206 prospere
1299 1137 1395 1189 con..

96 1225 250 1302 tionum
263 1233 413 1330 gratiam
428 1241 614 1302 assecutus
631 1225 829 1302 videbatur.
877 1226 1018 1326 Adjecit
1030 1253 1189 1328 quoqne,
1208 1232 1395 1311 Rollerum

96 1348 354 1447 propemodum
368 1348 506 1424 consilii
519 1371 702 1446 capacem,
716 1347 964 1450 futurumque,
971 1367 1012 1426 ut
1026 1348 1191 1426 destinati
1197 1354 1264 1428 sibi
1275 1357 1395 1434 ohso-
1485 1395 1488 1408 ·

97 1478 137 1543 nii
150 1497 302 1570 prorsus
324 1497 452 1571 expers
477 1497 551 1545 non
577 1487 680 1546 esset.
740 1472 879 1546 Monuit
902 1497 1067 1571 quoque,
1092 1475 1123 1546 si
1137 1497 1307 1572 supreme
1323 1505 1395 1554 ne·

98 1596 262 1670 cessitatis
277 1593 442 1670 violentia
467 1591 686 1694 postularet,
720 1595 874 1670 nominis
904 1599 959 1668 sui
981 1596 1250 1692 nuncupatione
1272 1625 1396 1676 reme·-

98 1714 190 1792 diom
205 1715 357 1792 celerius
373 1739 452 1792 esse
468 1713 716 1816 quaerendum,
742 1715 933 1810 affirmans,
949 1741 989 1791 se
1003 1715 1123 1791 divina
1139 1724 1397 1816 partimrirtu.

98 1855 126 1910 te
140 1839 330 1914 subnixam
355 1840 515 1948 etquasi
528 1855 732 1912 consortem
744 1837 919 1931 coelitum,
938 1840 1079 1914 insitam
1094 1841 1250 1917 numinis
1270 1863 1396 1944 gesta-

98 1984 131 2032 re
144 1967 348 2059 potentiam.
399 1965 529 2036 Erieus
543 1985 583 2036 se
602 1958 651 2034 ad
666 1959 854 2038 mnndum
869 1963 990 2040 fratri²
1015 1977 1141 2034 natura
1162 1963 1321 2060 pertrahi
1335 1967 1397 2042 di-

99 2083 158 2174 rit,
180 2085 403 2182 probrosum
426 2081 744 2176 misenantium,
772 2086 838 2183 qui
862 2086 1051 2184 proprium
1073 2081 1213 2180 polluat
1237 2086 1397 2166 nidnm³.

99 2209 136 2276 tt
149 2207 301 2280 Cracam
317 2209 430 2310 magis
444 2212 592 2308 propria
617 2205 832 2282 molestabat
854 2209 1009 2298 tuente,
1044 2229 1154 2304 quam
1169 2207 1312 2310 fortuna
1334 2213 1400 2290 fittt

99 2345 255 2424 graveret
273 2327 433 2404 adversa.
500 2325 680 2402 Artificem
703 2331 798 2402 enim
823 2333 968 2429 ingenio
986 2351 1053 2402 suo
1083 2326 1204 2402 deludi
1227 2355 1399 2434 magnum

101 2447 179 2524 olim
193 2450 341 2526 ruboris
354 2452 618 2526 incitamentum
635 2450 710 2524 fuit

225 2571 367 2648 Deinde
379 2571 460 2647 hoec
477 2575 567 2674 ipsa,
588 2582 778 2666 comitante
793 2576 882 2664 viro,
898 2573 1022 2648 fratres
1041 2571 1089 2646 ad
1103 2575 1397 2680 mareproiectu-

103 2717 156 2768 ros
169 2691 326 2770 abducit.
386 2699 453 2791 Qui
470 2723 545 2772 uno
568 2698 703 2799 egressi
718 2698 873 2796 navigio,
898 2693 973 2770 duo
997 2695 1068 2770 sibi
1083 2721 1169 2770 mox
1182 2695 1252 2770 alia
1267 2697 1401 2795 devin-

102 2835 230 2892 xerunt.
280 2822 327 2893 Et
343 2821 419 2918 jam
436 2823 614 2895 Danioum
634 2825 780 2921 attigere
806 2819 921 2912 littus,
954 2843 1082 2919 quum,
1097 2817 1283 2918 explorato
1306 2821 1400 2914 loco,

102 2936 317 3041 handlongc
330 2957 470 3040 septem
494 2942 649 3018 subiisse
666 2943 808 3042 navigia
830 2941 981 3018 diseunt.
1047 2945 1142 3016 Tum
1156 2943 1284 3018 Ericus
1306 2943 1401 3024 duos

103 3063 240 3136 Dacicae
249 3060 432 3138 'facundos
447 3063 600 3166 linguae*
618 3089 663 3140 eo
684 3067 761 3140 sine
776 3067 892 3141 reste⁵
911 3063 1089 3164 proficisci
1104 3063 1219 3164 jubet,
1236 3070 1311 3166 qui,
1325 3093 1403 3142 rem

148 3297 323 3362 'Concdaor
351 3293 574 3388 transpositam]
608 3299 726 3364 Conrlm
779 3303 870 3362 Actct
885 3299 1066 3372 dedentibus,
1086 3300 1181 3362 obstat
1196 3303 1358 3386 egenulae,
1371 3327 1405 3367 os

109 3401 154 3463 hic
168 3405 310 3488 patellam
329 3403 466 3485 denotat,
494 3404 527 3466 in
549 3425 608 3491 qua
628 3427 723 3492 appo·
1088 3409 1242 3470 r'm'mr'cum.
1257 3403 1317 3488 (S).

108 3508 190 3573 ritum
214 3523 280 3576 eret
306 3510 456 3596 magicum
481 3508 559 3574 illud
586 3512 723 3596 pulmen-
827 3509 1026 3574 'Probrosum
1055 3507 1183 3594 reserens
1209 3513 1328 3587 aIt‘tem,
1356 3521 1408 3600 qui

109 3625 175 3678 tum.
195 3615 245 3698 (S)
775 3619 932 3704 proprium
959 3620 1075 3704 polluat
1094 3613 1208 3698 aidum]
1231 3613 1334 3684 Dubio
1358 3640 1407 3684 ca.

150 3728 280 3788 ²Ericus
314 3747 346 3786 ee
375 3723 418 3786 ed
440 3723 595 3786 asteriolum
608 3721 724 3812 fratrc]
783 3733 841 3800 ret,
856 3734 993 3786 autorem
1008 3721 1176 3807 exprimere
1191 3721 1322 3788 voluisse
1333 3747 1407 3813 pro·

108 3832 267 3894 crantore
306 3826 383 3892 dixit
418 3849 478 3912 pro
524 3833 725 3896 astruendum
784 3826 922 3891 rsrbinm
944 3829 1110 3892 Denicumt
1138 3831 1201 3892 Det
1222 3847 1257 3892 er
1283 3849 1321 3894 en
1345 3831 1409 3896 ond
1473 3875 1479 3896 ι

108 3941 211 4000 Astare
233 3937 407 4000 aduocatum
428 3937 520 3998 arent
536 3935 617 4020 opud
635 3938 728 4002 Plau·
783 3931 1133 4018 Fugl‚somsltiderisin
1148 3953 1225 4018 egen
1237 3935 1323 4000 nete
1336 3935 1409 4018 (Pe-

109 4047 172 4104 tu‘m
187 4043 276 4108 estin
290 4040 407 4106 Cmino.
453 4040 496 4104 Et
512 4039 561 4104 rix
577 4060 611 4104 se
634 4042 727 4128 signi-
786 4037 841 4102 der
862 4041 968 4104 Leoles
993 4039 1155 4126 Ordsprog
1168 4043 1221 4102 Νι.
1238 4037 1336 4122 att),
1358 4043 1408 4106 vel

109 4144 245 4210 totone
271 4145 354 4232 opud
391 4144 490 4208 bonos
520 4160 552 4210 et
580 4146 729 4232 probatos
785 4141 1085 4222 tslanttcumjttud:
1121 4141 1161 4208 st
1185 4163 1219 4208 er
1239 4139 1339 4231 iuglin
1358 4167 1411 4212 re·

109 4265 243 4318 auctores
258 4231 349 4318 ebria
363 4273 422 4316 vox
435 4263 490 4315 est
526 4253 562 4314 ln
576 4253 730 4319 Bernhar-
787 4263 864 4330 stur,
883 4271 947 4314 sem
969 4249 980 4312 i
1002 4245 1080 4333 ejall'
1093 4249 1155 4312 sint
1175 4247 1274 4313 hreidi
1291 4249 1411 4316 dritten.

109 4353 149 4420 do
157 4358 350 4437 Mostenensi'
366 4357 419 4442 qui
430 4356 539 4420 claruit
553 4380 633 4424 anno
642 4361 729 4426 Chri-
831 4361 947 4420 ‘Duos
968 4348 1088 4421 Dacica
1105 4355 1259 4440 fecundos
1287 4355 1409 4443 lingue]

109 4465 396 4544 estromenta
417 4459 471 4524 lib.
498 4465 511 4524 l
533 4461 571 4528 do
596 4477 730 4531 contem·
790 4463 825 4527 ln
838 4463 919 4526 notis
937 4457 1127 4525 ulterioribus
1140 4457 1177 4524 ad
1196 4457 1411 4545 praelationem

110 4581 167 4652 ptu
181 4571 286 4636 mundi
302 4594 332 4656 p.
345 4555 474 4637 ¹XLVII:
695 4569 697 4572 ’
790 4565 976 4645 monuimus,
1011 4577 1101 4630 aetate
1139 4565 1265 4632 Saxonis
1293 4567 1412 4656 linguar

112 4673 219 4742 &ntor
231 4681 335 4750 adest,
362 4677 446 4740 labra
460 4667 574 4750 vendit,
593 4694 674 4740 amat
688 4677 733 4742 In·
791 4695 956 4760 regnorum
966 4671 1134 4737 borealium
1148 4693 1165 4736 e
1178 4673 1331 4740 communi
1343 4673 1413 4740 stir-

320 4811 386 4861 ενα,
401 4801 495 4850 censet
511 4789 652 4872 iniquum,
794 4797 833 4866 pe
855 4789 937 4844 ortas
961 4777 1054 4848 modo
1079 4779 1253 4844 diversitate
1278 4804 1414 4868 pronun-

1125 4885 1223 4984 (¹³'l
