3520 5462
646 305 901 380 HOTllERUS.
1312 306 1378 430 ill

127 527 323 612 stumque
337 515 499 615 peritia¹,
517 541 669 608 necnon,
702 531 1018 614 quantamcunque
1041 536 1085 588 ea
1105 491 1192 588 letae
1213 539 1345 615 capere
1358 544 1433 621 po-

127 649 227 728 terat,
241 635 398 738 agilitate
414 635 612 738 pollebat²,
627 635 726 712 haud
743 643 860 724 minua
878 638 1055 725 exercitio,
1082 661 1193 734 quam
1207 637 1344 714 rit-ihus
1358 666 1434 739 po·

127 773 215 834 tetta
248 761 479 834 immaturam
495 758 617 834 adhuc
631 775 770 836 etatem
785 759 974 834 uberrimis
992 758 1096 832 enimi
1115 757 1297 840 beneficiis
1315 777 1436 838 nann-
1460 844 1461 854 χ

53 911 56 918 ·
125 877 332 956 tcendebat.
389 884 503 956 Nemo
525 880 587 956 illo
609 879 724 956 chelis
749 897 811 956 aut
827 879 914 978 lyrae
938 881 1124 954 scientior³
1153 879 1279 956 fuerat.
1333 887 1436 958 Prae-
1556 871 1563 880 ⁵

127 1016 226 1076 terea
240 1005 345 1078 tittm
360 1029 403 1078 ac
419 1002 597 1102 barhyto⁴
626 1005 799 1103 omnique
820 1001 948 1076 fidium
975 1000 1219 1078 modulatione
1246 1003 1436 1082 canetae.

127 1120 186 1195 ad
203 1145 443 1224 quoacunque
460 1124 606 1201 volebat
628 1141 765 1214 motus,
787 1127 892 1198 variis
918 1123 1111 1200 modorum
1136 1125 1329 1226 generibus
1359 1127 1435 1204 hu-

127 1269 255 1320 manos
278 1243 488 1346 impellebat
512 1247 680 1340 affectum
732 1242 883 1348 gaudio,
914 1252 1092 1338 moestitia,
1125 1251 1349 1324 miseratione
1378 1250 1443 1326 vel

128 1365 215 1440 odio
231 1367 401 1446 mortales
423 1370 564 1446 afficere
588 1385 747 1444 noverat.
806 1370 857 1442 lta
879 1373 1020 1444 aurium
1041 1367 1224 1470 voluptate
1254 1389 1316 1448 aut
1344 1371 1437 1448 hor-

126 1513 211 1564 rore
236 1492 374 1567 animos
390 1491 573 1592 implicare
595 1491 745 1570 solebat.
797 1491 866 1563 Tot
882 1491 1024 1590 juvenis
1047 1491 1186 1567 artibus
1210 1495 1339 1570 Gerari
1364 1495 1437 1570 filia

128 1615 253 1688 Nauna
276 1611 471 1690 admodum
491 1613 664 1692 delectata
686 1611 891 1712 amplexum
916 1615 995 1713 ejus
1020 1631 1185 1712 expetere
1198 1621 1319 1716 coepit.
1381 1619 1437 1692 Fit

178 1919 292 1976 'Arcus
300 1913 424 2002 peritr'ct]
444 1913 590 1998 Exempla
615 1911 700 1975 mirae
721 1913 752 1975 in
814 1911 885 1976 dum
915 1929 995 1988 ease,
1020 1911 1113 1996 igitur
1132 1917 1228 1999 chelys
1245 1915 1437 1981 scribendum

129 2019 303 2106 sagittando
318 2019 437 2104 peritiae
456 2018 570 2083 ridein
585 2017 702 2082 duobus
721 2019 757 2080 li·
811 2017 912 2083 inisse.
962 2019 1070 2102 Chelya
1085 2034 1130 2084 eat
1144 2021 1268 2088 cithara
1315 2027 1362 2088 De
1376 2037 1439 2088 atn-

131 2125 195 2188 hria
214 2146 313 2211 nuper
334 2124 432 2189 allatis
451 2137 482 2188 et
498 2123 531 2187 in
558 2128 664 2188 Snorr.
687 2123 757 2188 hiat.
812 2122 863 2188 dio
879 2124 1006 2188 muriceo
1025 2126 1057 2186 in
1079 2130 1287 2212 septentrione
1303 2141 1372 2194 ante
1391 2151 1439 2194 re·

129 2253 195 2318 reg.
213 2236 307 2298 Nnrr.
332 2232 438 2294 rolli
464 2254 494 2315 p.
521 2228 755 2294 teterrinum
815 2230 958 2314 ligionem
1000 2230 1195 2296 christianam
1233 2234 1439 2302 introductam

129 2331 382 2416 Tambathelrio,'
393 2335 425 2398 in
443 2337 522 2422 Saga
537 2333 625 2399 Olafs
642 2339 759 2420 Trygg·
819 2336 878 2400 rid.
898 2347 962 2400 not.
983 2335 1067 2399 uber.

132 2465 261 2509 resonat·
276 2445 335 2507 vol.
351 2439 417 2526 ip.
433 2437 492 2504 168
508 2460 564 2528 cap
580 2438 651 2505 205.
863 2445 1032 2504 ⁴Prceterea
1052 2447 1139 2504 stittro
1161 2469 1196 2506 ac
1217 2444 1340 2526 barbt'to]
1363 2447 1440 2538 Qnae

181 2553 393 2634 ¹Cestttumque
403 2547 525 2634 peritia]
538 2549 614 2640 Qum
631 2545 758 2610 adhunc
818 2545 868 2612 hic
896 2543 1004 2609 afferri
1030 2559 1157 2630 possunt
1178 2545 1215 2610 de
1234 2547 1324 2613 sistro
1346 2552 1441 2617 Isiaco

131 2660 235 2720 locum
255 2655 322 2718 litae
347 2653 481 2737 disputat
507 2650 690 2738 stephanius
722 2650 759 2714 de
819 2664 850 2715 et
866 2649 987 2714 barbito
1004 2654 1190 2729 Graecornm‚
1214 2651 1256 2716 nil
1271 2652 1386 2720 faciunt
1402 2653 1441 2720 ad

132 2761 267 2826 metm
286 2760 349 2824 aire
371 2757 502 2824 delerit
526 2756 663 2836 bubulis,
691 2779 760 2844 qnae
819 2755 1156 2842 antiquitateaborealet
1168 2757 1361 2824 illustrandas
1368 2764 1442 2842 ;rix

133 2865 244 2930 ferreis
261 2863 451 2952 plumbeitre
477 2860 570 2926 clarit
597 2865 760 2928 convoluta
819 2863 898 2926 enim
914 2865 992 2928 Saxo
1010 2863 1043 2924 in
1060 2863 1108 2926 hit
1123 2861 1290 2930 afferendo
1308 2863 1377 2932 aum
1396 2869 1444 2932 in-

131 2971 272 3037 manibua
285 2968 476 3056 brachiisque
491 2969 551 3031 suia
569 2967 761 3034 obduxerunt
818 2969 918 3032 stituit
945 2967 1109 3033 verborum
1132 2969 1300 3050 delectum,
1334 2983 1369 3036 ut
1387 2991 1442 3040 aaa

130 3079 254 3164 pugiles
275 3081 493 3155 Romanorum,
516 3097 532 3138 a
553 3067 670 3138 Saxone
689 3087 760 3138 tunt
819 3075 977 3140 adhiberet
996 3093 1083 3140 voees
1099 3075 1216 3167 lupinae,
1238 3098 1306 3162 quea
1327 3081 1444 3166 optime

131 3184 242 3248 aliena.
299 3184 426 3252 Veteres
454 3181 534 3245 enim
555 3183 698 3246 Borenlaa
722 3179 760 3246 ad
819 3180 1017 3244 instrumenta
1038 3181 1159 3244 muaicae
1182 3179 1313 3270 borealis
1345 3187 1444 3274 expri-

128 3292 247 3354 luctam
265 3287 377 3367 (Girinr
391 3287 452 3352 illie
470 3289 598 3374 dictam)
612 3293 694 3354 nulla
709 3289 761 3354 ad·
819 3299 947 3366 merent,
970 3283 1023 3350 sed
1054 3285 1217 3354 cumularit
1241 3290 1336 3354 ranas
1353 3313 1445 3358 vocet

127 3395 298 3460 nituerunt
327 3393 542 3478 instrumenta,
591 3395 645 3460 sed
673 3395 761 3462 nudis
821 3390 859 3453 ad
878 3391 1018 3477 peritiam
1030 3393 1156 3456 musicas
1171 3393 1203 3456 in
1216 3395 1357 3469 flothero
1372 3419 1446 3464 eon-

127 3499 273 3569 manibut
289 3499 429 3564 udmnt
476 3506 510 3568 In
534 3501 629 3567 hocce
650 3501 763 3567 exerci-
820 3497 955 3582 spicuam
974 3499 1032 3561 rite
1047 3497 1281 3584 exprimendam.
1323 3505 1358 3564 ln
1376 3524 1446 3568 nar-

127 3605 167 3670 tii
191 3625 303 3694 genere
326 3605 452 3674 eminuit
479 3607 614 3676 lelandus
638 3609 763 3672 Gratter
820 3601 939 3667 rationo
965 3603 1080 3680 Danica
1104 3602 1186 3668 haud
1210 3603 1300 3670 dubie
1324 3609 1446 3674 nomina

128 3711 294 3793 robtutua3
311 3711 372 3779 rid.
385 3712 542 3778 historiam
560 3714 625 3798 ejus
641 3711 762 3800 capii.
813 3709 908 3792 fidta,
929 3735 1046 3798 marpa,
1066 3714 1219 3796 suaagtoh
1236 3718 1322 3798 gt'gia
1339 3735 1447 3778 cccm-

176 3823 348 3904 ²Agrlttate
361 3816 505 3906 pollebat]
528 3823 624 3886 Recte
644 3819 762 3892 monuit
821 3827 939 3879 rerunt.

125 3924 317 4012 Stephaniut
337 3923 369 3987 in
396 3922 530 4021 notis-ad
548 3925 578 3990 h.
594 3927 624 4004 l.,
645 3925 763 4010 agilita·
868 3923 1032 4008 6Οηυιίᾳιια
1041 3923 1150 4007 fidtitm
1171 3926 1365 3988 modulatione
1388 3927 1448 3988 cal·

125 4044 208 4108 tem,
236 4051 295 4116 qua
321 4027 493 4094 Hotherum
515 4027 660 4116 polluisse
683 4050 766 4094 com·
824 4025 915 4110 lebat]
929 4017 989 4092 Hic
1003 4025 1235 4108 observandum,
1256 4029 1339 4113 qnod
1353 4029 1448 4094 verbo
1537 4063 1538 4077 κ

126 4146 287 4203 meruerat
306 4137 396 4214 saxo,
424 4133 615 4202 reserandam
644 4156 707 4203 ette
727 4135 766 4204 ed
826 4138 917 4200 calleo
945 4133 1056 4218 passim
1082 4146 1199 4198 textum
1231 4133 1372 4198 attribuit
1394 4153 1445 4200 ca·

123 4253 246 4306 caetera
265 4241 516 4307 exercitationum
539 4258 667 4328 genera,
695 4264 764 4328 que
823 4241 1146 4318 comsummetur,
1205 4260 1269 4302 non
1298 4238 1386 4304 aliter
1413 4259 1449 4306 ac

123 4349 181 4410 rel
197 4343 236 4408 ad
254 4367 374 4412 curtum
394 4347 507 4430 (theid)
522 4351 572 4414 rel
594 4349 634 4413 ad
655 4349 765 4413 aalturn
823 4345 991 4411 Marcianus
1004 4345 1127 4428 Capella
1135 4342 1187 4406 lib.
1196 4345 1237 4406 111
1248 4366 1280 4429 p.
1289 4342 1345 4408 50:
1361 4351 1450 4412 Hanc

122 4451 259 4540 (hlaup)
281 4451 392 4518 referri
421 4467 549 4541 potsunt
570 4452 646 4535 (vid.
666 4454 767 4517 Thor-
825 4457 917 4536 igitur
929 4451 1093 4534 foeminam
1117 4452 1272 4512 multorum
1301 4455 1451 4516 curattbtte

123 4559 228 4624 lacius
249 4559 270 4620 l.
287 4577 313 4622 c.
328 4581 361 4644 p.
377 4555 542 4644 tet-233).
631 4613 634 4623 .
826 4549 983 4620 callentem.
1032 4553 1180 4638 Apulejus
1194 4554 1247 4618 lib.
1263 4553 1451 4624 3Floridor.

177 4667 363 4729 ³Nmo1tto
385 4668 473 4733 cdcitit
492 4685 546 4732 ant
561 4671 632 4752 irre
652 4672 767 4730 sct'emi·
827 4685 857 4746 p·
875 4657 936 4724 809
956 4658 1002 4721 ed.
1022 4656 1053 4719 ln
1071 4679 1115 4722 tta.
1136 4661 1250 4746 Delph
1271 4666 1330 4726 etsi
1337 4665 1451 4748 stdt'bus

93 4767 100 4780 ”
125 4769 181 4854 or]
207 4773 257 4834 Ex
277 4770 337 4834 hac
361 4770 525 4836 verborum
546 4771 685 4854 junctura
716 4792 770 4855 pa·
828 4772 958 4856 apprtine
980 4767 1119 4830 tollerem.
1141 4765 1191 4848 (8)

125 4891 192 4954 tet,
222 4875 318 4939 chelis
345 4875 378 4938 in
409 4897 479 4941 casu
497 4878 633 4963 genitivo
653 4896 771 4940 tumen·
