3446 5458
376 331 447 403 178
619 395 621 400 ,
712 327 885 398 lllSTOll.
904 325 1008 397 DAN.
1027 329 1164 398 LIBER
1183 328 1239 400 tv.

429 599 434 606 .
456 541 561 612 Post
584 539 663 609 Dan
679 535 886 610 Fridlerus¹
910 551 1152 634 cognomento
1169 533 1273 608 Celer
1304 541 1493 636 imperium
1517 547 1620 614 sumit.

325 665 406 756 Quo
420 677 591 762 regnante
611 657 832 757 myndius,
857 655 1067 732 Holandiae²
1097 663 1286 758 princeps,
1319 664 1390 732 icto
1417 683 1500 733 cum
1524 664 1621 734 Daris

324 783 463 860 loedere
493 784 707 881 Norvagiam
736 767 945 856 incessebat.
1028 783 1142 879 Cujus
1183 779 1357 878 operibus
1386 779 1485 855 baud
1520 808 1620 882 parva

325 908 490 981 claritatis
506 907 664 980 accessio
684 903 761 994 fuit,
788 901 890 1002 quod
904 903 1085 978 Rusilarn³
1116 904 1291 1002 virginem
1313 903 1451 976 militari
1475 923 1562 980 voto
1578 931 1623 978 res

325 1029 472 1103 bellicas
488 1036 690 1101 aemulatam
714 1033 822 1101 armis
850 1031 1042 1125 oppressit,
1069 1026 1281 1124 virilemque
1306 1025 1458 1126 gloriam
1482 1055 1525 1101 ex
1550 1055 1624 1100 rnn-

324 1153 425 1226 liebri
441 1152 545 1224 hoste
564 1151 744 1247 corripuit
805 1147 876 1222 Sed
892 1165 927 1222 et
942 1156 1104 1248 quinque
1120 1151 1198 1246 ejus
1218 1147 1426 1248 complices,
1459 1149 1621 1224 Broddoss

325 1301 418 1364 nem,
442 1271 595 1364 Btldum,
622 1275 826 1370 Bugonem,
858 1273 1085 1369 Fanningum
1108 1287 1143 1342 et
1164 1269 1447 1362 Gunholmum⁴‚
1481 1297 1624 1370 quorun

325 1414 426 1495 pater
439 1399 537 1494 Fyn⁶
565 1399 685 1488 extitit,
710 1395 761 1468 ob
789 1419 845 1465 res
862 1393 910 1463 ab
934 1394 1018 1490 ipsis
1035 1392 1208 1491 praeclare
1233 1393 1345 1470 editas
1373 1401 1406 1464 in
1432 1401 1625 1468 societatem

325 1717 518 1808 stephanius.
542 1719 601 1784 Ed.
613 1717 870 1804 pnbabeteadem
884 1743 950 1782 con·
1010 1741 1058 1784 am
1074 1705 1362 1784 (later-llanberred
1374 1721 1532 1806 pertinens
1545 1745 1624 1786 unam

327 1832 435 1892 diriore
443 1831 625 1911 adigeretur,
633 1824 716 1910 quod
724 1825 822 1888 minus
829 1824 953 1888 bonum.
1010 1827 1226 1912 complectitur
1238 1828 1423 1910 parochiam.
1443 1827 1511 1894 vid.
1526 1827 1625 1891 dansle

374 1929 559 2013 ¹Frr'dleoas]
576 1935 623 1993 De
641 1931 786 1994 Fridlcro
801 1930 951 2016 rebusque
1013 1935 1099 1998 Atlas
1113 1934 1174 1994 rol.
1190 1935 1220 1998 V
1237 1955 1268 2016 p.
1285 1929 1355 1994 398.

327 2039 365 2104 ab
384 2059 421 2100 eo
435 2037 526 2122 gestis
541 2035 602 2100 rid.
620 2048 683 2098 not.
698 2035 785 2099 uber.
1058 2037 1234 2115 ³}iusr'tam]
1265 2039 1383 2099 Nomen
1422 2038 1537 2101 llusilae
1574 2043 1626 2103 sire

333 2142 337 2155 '
358 2139 565 2224 ‘'Holendte]
588 2142 770 2228 stephanius
791 2163 827 2206 ex
847 2162 950 2206 corre·
1009 2145 1113 2208 Ruslar
1133 2157 1181 2206 ter
1200 2143 1231 2204 in
1245 2143 1374 2206 historia
1389 2145 1516 2206 Saxonis
1531 2165 1626 2208 occur·

327 2253 429 2314 ctione
449 2249 552 2334 posuit
569 2251 753 2321 Hailandic,
773 2248 827 2314 sad
854 2248 951 2312 editio
1010 2251 1062 2328 rit,
1076 2263 1187 2333 nempe
1202 2261 1317 2334 preter
1335 2249 1417 2312 buno
1440 2249 1543 2313 locum
1559 2249 1627 2314 inira

326 2341 469 2444 princeps
486 2353 579 2418 brbet
594 2357 771 2429 Holmdrir,
797 2375 867 2440 quaa
885 2355 953 2440 qui·
1010 2355 1064 2418 lib.
1078 2359 1134 2420 vlt
1149 2367 1181 2419 et
1196 2355 1249 2418 lib.
1263 2357 1344 2424 Vlll.
1390 2359 1520 2440 Semper
1539 2369 1628 2422 auten

326 2463 396 2531 dere
410 2451 507 2526 teetio'
517 2459 657 2527 liraretrsr
670 2459 853 2546 compendio
870 2461 953 2526 Tho·
1011 2462 1117 2546 virago
1132 2461 1303 2546 Norragica
1321 2459 1630 2540 ira'commemoratus

327 2583 387 2637 mae'
408 2569 585 2654 Ghaysmeri
611 2580 642 2632 et
671 2567 862 2632 translatoris
886 2567 953 2652 ejus
1012 2579 1046 2630 ut
1070 2566 1189 2630 saeculis
1210 2565 1379 2650 interjectis
1409 2591 1427 2632 a
1454 2567 1551 2632 tribus
1577 2573 1629 2632 lla·

327 2675 520 2754 Tbeutonici‚
538 2695 669 2762 quorum
688 2676 741 2738 ille
753 2670 878 2758 (Soript.
893 2693 954 2736 rer.
1012 2695 1122 2737 norum
1139 2671 1261 2756 regibus
1277 2671 1401 2736 sistetur
1418 2671 1543 2737 derieta.
1587 2678 1628 2736 De
1700 2717 1701 2720 κ

327 2787 406 2846 Dan.
423 2781 484 2846 vol.
505 2783 532 2844 ll
557 2805 589 2866 p.
619 2779 694 2864 307)
719 2778 811 2843 habet
829 2783 957 2841 Hollan·
1076 2778 1117 2840 ila
1148 2780 1244 2840 alturn
1267 2777 1298 2838 in
1321 2779 1525 2842 monumentis
1547 2779 1629 2842 lalan-

219 2891 223 2908 '
329 2891 375 2951 die
388 2892 538 2975 princeps,
558 2885 609 2948 bic
626 2887 661 2948 de
685 2905 783 2950 vorste
811 2909 868 2948 van
892 2887 954 2948 tot·
1031 2951 1034 2985 ζ
1092 2907 1123 2946 m
1145 2885 1306 2947 silentium.

329 2997 403 3058 latit.
455 2995 560 3074 Neque
584 3003 686 3054 tamen
708 2991 837 3075 cogitari
850 3004 954 3076 potest
988 2992 1037 3071 {qt
1059 2991 1285 3068 ‘Broddonem
1312 2991 1457 3068 Bridama
1479 2993 1629 3076 Bagoaenr,

328 3100 381 3161 ana
403 3089 503 3181 netga
526 3093 669 3159 foeaerarr
694 3097 867 3181 provincia,
884 3117 954 3181 qua
1006 3081 1198 3178 antizagum
1226 3113 1256 3158 a
1282 3094 1489 3177 eorunm]
1511 3097 1629 3160 semna

328 3223 410 3267 nune
419 3200 584 3266 Hollandia
593 3200 713 3280 dieitur,
731 3201 817 3284 cujus
831 3201 954 3286 quidem
1013 3203 1162 3286 Norregis
1177 3203 1282 3264 saltem
1293 3200 1375 3263 baud
1385 3202 1528 3266 inaudite.
1542 3203 1630 3265 Bradr

328 3331 440 3373 nomen
457 3311 488 3370 in
512 3306 732 3390 antiquioribus
756 3308 868 3370 nostris
892 3321 955 3370 tra·
1014 3308 1114 3392 pirate
1131 3306 1263 3369 occurrit
1285 3306 1318 3366 in
1337 3305 1465 3371 historia
1480 3307 1556 3370 Niali
1571 3328 1629 3391 cap.

329 3413 495 3477 ditionibus
515 3433 670 3496 nunquam
684 3411 826 3475 occurrit.
845 3413 956 3498 Majori
1016 3415 1118 3483 CLVI.
1159 3415 1386 3498 SigurdrBr'ldr
1401 3428 1572 3478 recensetur
1589 3414 1627 3474 in·

327 3507 459 3583 ¹fortasse
466 3517 655 3603 jurediceret
663 3517 780 3602 aliquis,
788 3523 958 3582 Hellandt'oe
1015 3529 1065 3582 ter
1092 3517 1237 3582 satellites
1277 3519 1367 3583 Olari
1403 3521 1547 3606 Tryggrii
1581 3518 1630 3606 lilii

330 3645 393 3686 esse
416 3607 569 3686 scribendi
592 3623 804 3708 compendium
820 3645 878 3708 pro
891 3629 958 3688 Ha·
1017 3616 1110 3702 (Hist.
1122 3644 1185 3708 reg.
1198 3625 1292 3687 Norr.
1304 3625 1365 3688 rol.
1382 3625 1399 3688 1
1417 3647 1449 3709 p.
1461 3623 1536 3708 302)
1549 3629 1629 3688 Britrn

330 3731 517 3813 logalandiae.
583 3727 651 3810 sad,
672 3730 805 3814 primum
834 3729 956 3816 quidem
1015 3731 1109 3803 Bukr,
1129 3729 1182 3814 qui
1201 3747 1295 3813 genus
1318 3728 1455 3792 duriter
1470 3749 1571 3796 sorore
1587 3747 1631 3792 rr·

329 3833 411 3895 hunc
430 3833 591 3918 Norregiar
621 3847 755 3898 tractum
777 3839 860 3900 Saxo
883 3833 956 3898 alibi
1015 3837 1061 3921 gis
1079 3835 1297 3914 Oladssanefi,
1318 3834 1425 3900 ssornie
1440 3837 1473 3899 in
1490 3832 1630 3918 Norregis
1700 3855 1701 3874 ³

297 4015 299 4018 ¹
329 3951 420 4004 vocat
437 3941 617 4028 Haloghm,
641 3931 753 4032 'deinde
773 3941 823 4003 rix
840 3941 872 4004 in
893 3943 956 4004 ulla
1013 3941 1070 4005 sub
1101 3939 1192 4004 linem
1217 3942 1321 4004 saeosli
1339 3941 1524 4008 duodecimi
1551 3937 1631 4024 (ibid.

328 4044 494 4110 traditione
518 4047 649 4132 Halogia
680 4044 848 4132 opponitur
861 4125 864 4132 Ι
877 4051 957 4110 Nor·
1012 4049 1074 4112 rol.
1090 4051 1130 4110 lll
1146 4067 1177 4132 p.
1198 4043 1283 4128 394.)
1325 4051 1428 4112 AEtate
1446 4051 1527 4135 regie
1540 4051 1631 4112 Haeo·
1700 4105 1701 4136 q

329 4153 442 4234 regiae·
476 4151 618 4237 Denique
635 4153 661 4215 si
676 4150 791 4237 aliquid
807 4152 872 4214 reri
885 4147 956 4215 buic
1014 4155 1060 4216 nis
1074 4151 1242 4216 Heronidar
1264 4154 1340 4217 risit
1363 4154 1487 4239 qnidam
1511 4153 1631 4218 nardus

329 4255 408 4319 inest
431 4255 605 4337 traditioni,
638 4281 700 4322 non
724 4277 796 4320 sane
819 4257 872 4321 ille
898 4257 958 4322 fuir
1013 4263 1098 4322 Faan
1121 4257 1218 4321 dictus
1245 4255 1335 4348 (ibid.
1361 4261 1424 4324 rol.
1446 4261 1476 4328 V
1497 4281 1526 4345 p.
1551 4253 1631 4335 Μ),

329 4379 382 4424 rex
396 4363 553 4448 Halogiae,
584 4361 780 4449 quiprimum
800 4362 864 4427 icto
887 4385 957 4427 cum
1014 4365 1084 4431 Vox
1106 4381 1181 4434 sero
1202 4367 1307 4426 Granni·
1327 4365 1359 4438 irs
1383 4365 1486 4429 maltis
1507 4362 1630 4428 adhibita

329 4465 424 4530 Danis
448 4463 565 4531 loedere
587 4459 771 4552 Norvegiam
798 4491 957 4555 aggressus
1014 4465 1074 4532 fuit
1089 4471 1246 4532 nominum
1270 4471 1630 4555 compositionumve
1700 4447 1701 4506 l

331 4583 387 4650 est,
408 4571 518 4636 deinde
534 4575 627 4638 classe
646 4571 752 4638 hostili
773 4575 958 4641 sialandiam
1006 4571 1630 4660 'eunnhisrnenmotfaeurnatqeu·

331 4675 430 4763 petiit.
471 4669 580 4744 Potius
599 4681 694 4765 igitur
706 4681 798 4746 credo
819 4697 956 4746 autorem
1016 4677 1107 4742 thiel.
1700 4667 1701 4756 l

331 4784 498 4869 respexisse
525 4785 564 4848 ad
586 4789 715 4851 insulam
743 4774 906 4851 (llandiani
925 4789 956 4850 in
1063 4785 1194 4871 ‘iynnJ
1218 4789 1316 4851 Finnr
1341 4809 1452 4853 nomen
1475 4801 1536 4853 erat
1553 4787 1629 4848 inter
1700 4759 1701 4832 Ῐ

332 4892 399 4952 sinu
419 4889 522 4951 limieo
535 4891 633 4970 sitam,
652 4913 720 4973 quae
744 4891 781 4954 ed
803 4893 957 4977 toparcbi-
1017 4893 1174 4974 Norregos
1187 4893 1333 4957 solitum.'
1700 4881 1701 4892 ἵ
