3506 5458
365 315 439 388 aaa
595 288 601 299 '
718 311 894 384 nrsror.
909 313 1014 386 nan.
1032 315 1169 388 unsa
1187 317 1230 386 a

316 547 403 598 uere
427 543 539 622 quam
558 533 704 592 cruento
722 521 921 616 punitiores
947 537 1097 618 putaret
1148 523 1289 618 Siquis
1315 535 1435 592 autem
1459 521 1493 592 ei
1518 535 1624 618 post·

319 645 470 720 modum
481 640 774 734 commilitonum,
789 667 862 715 uno
874 641 946 716 telo
960 659 1022 715 aut
1035 645 1164 715 comite
1179 641 1355 740 superior,
1370 641 1628 740 obriopeper-
1741 679 1742 740 p

318 771 440 856 risset,
463 767 577 863 ipsius
601 788 641 838 se
665 764 888 838 contumeliae
912 766 1120 866 participem
1144 764 1319 860 praebuit,
1349 766 1457 863 cujus
1481 762 1631 862 culpam

318 888 472 965 vindicta
487 892 654 986 prosequi
670 885 886 961 formidavit.
937 887 1024 960 Tale
1036 889 1161 977 noxiis,
1186 887 1329 985 quoties
1349 912 1369 958 a
1387 886 1496 958 curiae
1511 887 1629 957 mori-

319 1014 390 1086 bus
417 1011 672 1110 degeneratum
701 1009 857 1101 fuerat,
879 1009 1009 1082 militiae
1034 1033 1182 1082 munere
1212 1007 1434 1108 defungendi
1456 1009 1516 1104 jus
1544 1021 1631 1078 erat.

319 1135 421 1210 Adeo
435 1132 620 1232 quondam
643 1133 829 1206 castrensis
853 1148 946 1204 notae
969 1131 1146 1204 dedecora
1172 1129 1331 1230 judiciali
1358 1128 1630 1229 repellebantur

319 1259 488 1332 umbone.
539 1253 646 1347 Quod
667 1261 693 1329 si
718 1279 801 1329 reus
819 1255 865 1327 ab
891 1259 1031 1330 actore²
1056 1254 1256 1327 testimonio
1270 1258 1430 1349 superari
1455 1259 1632 1350 nequiret,

320 1405 380 1456 sex
404 1404 527 1454 secum
552 1377 853 1451 commilitonibus
876 1380 912 1448 in
933 1373 1188 1475 jusjurandum
1221 1353 1361 1466 accitis,
1398 1375 1530 1473 cnlpae,
1548 1401 1631 1473 quae

321 1501 562 1593 obiiciebatur,
587 1501 742 1573 alienum
766 1525 804 1573 se
828 1494 1180 1572 fuisse'moustrabnt.
1231 1503 1275 1572 At
1300 1501 1331 1570 si
1347 1499 1633 1570 commilitonum

321 1633 404 1725 quis
428 1627 547 1710 eum2,
572 1647 682 1720 quem
707 1622 837 1694 militine
855 1639 1056 1694 consortem
1073 1626 1248 1714 nescisset,
1272 1623 1403 1719 injuria
1429 1645 1496 1718 per
1519 1622 1631 1718 igno-
1741 1695 1742 1710 ,

321 1753 472 1820 rantiam
486 1743 667 1834 allecisset,
694 1745 741 1817 ad
767 1743 1025 1818 conciliandam
1049 1747 1162 1818 errori
1185 1769 1251 1818 suo
1277 1743 1388 1816 fidem
1416 1743 1631 1842 praedictum

323 1870 499 1945 sodalium
520 1893 710 1940 numerum
736 1869 772 1937 in
799 1869 1007 1940 sacramenti
1030 1869 1235 1942 societatem
1259 1867 1472 1944 contrahere
1497 1864 1631 1938 debuit.
1741 1849 1742 1932 ]

323 1997 501 2066 Caeterum
523 1990 656 2064 solenni
676 1993 756 2088 jure
770 1992 951 2062 convictos
967 2015 1009 2062 ac
1028 1996 1201 2087 superiori
1229 1991 1341 2066 modo
1357 1991 1550 2064 damnatos
1571 1987 1631 2060 le—
1741 1979 1742 1982 ¹

323 2117 434 2190 licitas
450 2111 646 2202 deficiebat,
671 2113 874 2210 occupabat
889 2112 1100 2203 adversitas,
1125 2115 1336 2213 ecquidem
1359 2115 1502 2202 certius,
1528 2107 1629 2208 quod

324 2241 433 2312 trium
450 2260 642 2336 regnorum
657 2234 845 2333 pontifices
863 2233 1054 2308 adversum
1068 2235 1193 2308 talium
1208 2239 1532 2334 transgressionum
1549 2256 1629 2306 reos

322 2361 459 2437 solenni
476 2357 694 2431 execratione
712 2379 795 2429 usos
810 2376 892 2430 esse
903 2358 1099 2432 constabat.
1150 2361 1201 2430 lta
1220 2357 1407 2458 disciplina
1420 2360 1537 2456 ejus³,
1559 2379 1628 2453 ge-

323 2491 461 2560 minum
475 2479 639 2578 amplexa
656 2478 833 2569 columen,
858 2485 989 2576 partim
1007 2484 1116 2580 regio,
1139 2483 1279 2580 partim
1292 2479 1473 2580 religionis
1499 2478 1628 2576 pransi-

325 2609 386 2682 dio
410 2604 600 2693 nitebatur,
633 2618 672 2675 ut
696 2600 890 2674 humanam
924 2607 1130 2678 sententiam
1151 2603 1274 2680 divino
1302 2603 1467 2678 crederes
1495 2598 1627 2699 jndicio

325 2724 567 2826 comprobari.
620 2725 732 2822 Cujus
746 2725 848 2823 rigor
863 2723 1060 2800 discordias
1075 2729 1182 2825 rupit,
1206 2725 1403 2800 simultates
1418 2724 1543 2812 finivit,
1568 2745 1628 2794 se-

325 2853 474 2928 ditiones
490 2851 642 2937 extinxit,
662 2848 954 2945 pacatioremque
975 2852 1052 2948 regi
1074 2847 1221 2922 militem
1243 2848 1411 2923 reddidit.
1460 2852 1627 2920 Postmo-

326 2975 416 3050 dum
446 2997 534 3047 rero
559 2969 733 3044 severitati
757 2972 837 3067 ejus
870 2971 954 3044 sire·
971 2971 1020 3045 ob
1052 2974 1209 3044 inertiam
1236 2974 1311 3045 sire
1338 2972 1389 3045 ob
1410 2969 1628 3044 clementiam

322 3101 526 3199 principum
560 3092 775 3189 pecuniariae
799 3090 940 3166 mulctae
965 3109 1285 3194 temperamentum
1316 3098 1473 3168 accessit
1545 3093 1624 3183 Quo

323 3237 442 3296 tamen
473 3213 551 3289 sola
578 3212 663 3311 ligni
692 3220 875 3309 percussio
900 3222 1031 3303 caruit,
1065 3215 1166 3314 quod
1187 3235 1230 3288 eo
1255 3219 1360 3291 canes
1381 3221 1463 3316 quis
1486 3215 1627 3313 abigere

324 3343 447 3420 soleat.
497 3334 598 3410 Adeo
619 3338 798 3434 majorum
827 3336 1039 3412 verecundia
1074 3365 1252 3414 summam
1284 3345 1320 3412 in
1353 3346 1425 3413 ictu
1449 3337 1624 3437 probroso

324 3459 577 3542 contumeliam
595 3459 803 3557 reponebat.
854 3463 1008 3562 Contigit
1022 3477 1151 3554 autem,
1173 3477 1215 3538 nt
1237 3464 1315 3560 ipse
1332 3487 1395 3534 rer
1410 3486 1476 3535 sua
1493 3459 1623 3558 primus

323 3587 404 3689 lege
434 3581 614 3673 cadereu,
645 3583 808 3681 jurisque
840 3584 1124 3676 firmamentum,
1149 3583 1251 3684 quod
1274 3599 1420 3660 eatenus
1450 3586 1624 3660 sincerum
1741 3615 1742 3660 i

337 3885 340 3894 .
376 3823 583 3909 ¹Aetorc]Ed.
598 3845 781 3912 pcaactore,
797 3831 884 3894 male.
1006 3833 1148 3918 quendam
1166 3835 1284 3896 maii'tam
1308 3855 1392 3895 muas
1413 3847 1544 3918 camapio
1566 3853 1620 3892 rau·

368 3939 504 4020 ²Siquis
517 3931 594 4015 eam]
610 3939 683 3997 Eum
702 3935 884 4019 stephanius
902 3957 950 4000 re·
1006 3943 1311 4025 croneiataramptam
1327 3940 1490 4021 jugabat
1546 3937 1621 4001 tiae
1741 3973 1742 3998 r

323 4057 373 4110 att
388 4042 493 4128 posuit
505 4047 611 4125 proci,
620 4042 892 4127 quaelectioested.
901 4067 949 4129 pr.
1010 4047 1144 4133 phalanc
1167 4050 1301 4106 uniuersa
1330 4048 1418 4104 morio
1432 4047 1541 4133 surore
1562 4067 1620 4106 aaa·
1741 4083 1742 4104 r

348 4141 351 4148 Δ
369 4149 557 4235 'Disciplina
571 4149 647 4235 ejas]
659 4147 718 4212 Ed.
734 4171 781 4234 pr.
796 4149 889 4214 habat
905 4155 951 4216 di·
1006 4168 1152 4223 rtemata‚
1168 4151 1374 4234 confluentibus
1385 4156 1497 4235 pasrr'ra
1509 4153 1620 4234 legioni·
1741 4175 1742 4180 ¹

322 4255 511 4342 rarpltboejas
524 4252 584 4315 levi
599 4248 752 4338 scribendi
765 4275 878 4319 errore.
1007 4261 1072 4331 hus,
1085 4261 1127 4322 nal
1140 4281 1223 4320 arma
1236 4277 1404 4317 corwurrere
1419 4281 1478 4318 non
1489 4259 1620 4318 detrecta-
1741 4295 1742 4302 .

367 4359 535 4442 *Contigit
550 4375 659 4430 autam,
674 4376 708 4420 ut
731 4363 792 4449 ipse
819 4387 871 4426 rea
890 4389 948 4428 aaa
1004 4366 1068 4426 bat.
1105 4365 1214 4424 Veram
1243 4385 1306 4423 caat
1328 4367 1406 4444 mgis
1428 4385 1531 4425 manus
1554 4363 1619 4424 tau
1741 4371 1742 4396 ¹

316 4471 433 4556 primus
450 4467 513 4550 lage
523 4461 653 4544 caderet]
674 4464 765 4549 Apud
777 4469 948 4532 Stenonem
1003 4470 1106 4531 cadem
1136 4471 1307 4530 commisisse
1334 4472 1482 4539 innotuit,
1513 4469 1619 4530 collam
1741 4461 1742 4538 Q

321 4571 459 4656 Aggonis
476 4569 543 4634 bec
557 4571 599 4632 ita
613 4583 776 4634 narrantur
790 4585 947 4659 gestacsp.
1003 4591 1098 4647 coetu,
1113 4575 1250 4658 quidnam
1259 4573 1350 4656 sacto
1364 4595 1439 4660 opus
1460 4591 1547 4646 aaut,
1560 4573 1619 4636 solt'·
1741 4567 1742 4592 ³

323 4676 365 4741 10
382 4677 423 4763 p.
452 4673 601 4740 ibo-1512
633 4680 698 4740 Rea
718 4678 852 4742 Canutas
879 4681 948 4742 alum
1003 4681 1537 4766 citaiadagattoaeperscratadantar.
1558 4681 1619 4740 Aa·
1741 4699 1742 4766 ᾗ

323 4784 418 4846 adire
438 4787 469 4843 ia
493 4784 606 4864 Anglia
629 4788 714 4870 pactis
735 4788 948 4868 tranquillitate
978 4790 1099 4871 ‘dignis
1126 4789 1233 4871 quippe
1260 4787 1497 4848 distrahebantur
1518 4802 1620 4848 maun·
1741 4769 1742 4780 ἵ

320 4891 483 4974 μείνειαν,
505 4888 663 4950 iracundia
685 4913 821 4956 accensas
839 4893 948 4976 farore
1003 4899 1054 4956 tiis
1087 4896 1261 4980 ancipitique
1284 4894 1476 4976 fluctuabant
1500 4891 1618 4975 radia
