3506 5458
395 297 471 376 Μ
752 299 1197 376 antonomum
1207 302 1259 376 'Xe

344 529 446 586 mum
468 511 589 586 militis
610 511 839 611 supercilium
858 527 1025 611 expersus
1045 529 1110 588 est.
1185 499 1369 587 Exercitus
1390 534 1561 610 umque,
1581 528 1646 584 tom

344 633 515 735 probrosi
530 632 634 708 officii
652 633 867 707 contumelio
879 632 1075 725 lacessitus,
1086 661 1155 734 pro
1173 659 1249 734 quo
1264 638 1393 734 jugum
1411 634 1558 724 tnleret,
1590 660 1646 708 ar—

343 779 403 828 nra
424 779 553 855 cupere
572 759 756 829 recusavit.
818 759 943 856 Neque
957 759 1052 830 enim
1070 759 1261 856 majestatis
1286 759 1441 857 imperio
1457 757 1525 832 not
1549 783 1648 857 prece
1727 755 1728 792 ³

342 875 477 952 udduci
493 883 620 976 potuit,
645 894 684 954 nt
698 882 778 978 ejus
793 885 899 977 capiti
915 879 1193 954 incolumitatem
1208 896 1393 980 quaereret,
1419 882 1482 978 qui
1496 885 1645 988 omniurp

344 1004 500 1072 cervices
516 1000 762 1075 crubescenda
784 1005 943 1102 jussione
965 1001 1177 1077 damnasset.
1235 1003 1403 1077 Nonnulli
1426 1018 1556 1095 tomen,
1581 1027 1648 1101 pu-

344 1126 482 1220 pularls
497 1131 676 1198 sententie
691 1141 861 1224 expertes,
887 1129 977 1197 inter
993 1124 1150 1223 publicus
1174 1127 1461 1200 consternationis
1479 1123 1648 1223 procellas

227 1259 229 1262 ’
340 1260 513 1328 consuetu
527 1272 567 1319 se
593 1271 679 1346 erge
701 1273 822 1349 regem
846 1250 988 1321 caritate
1010 1265 1205 1347 gesserunt.
1268 1249 1409 1342 Quibus
1432 1247 1648 1346 adjutoribus

342 1391 443 1460 usus,
467 1368 556 1442 dum
571 1369 634 1446 filii
650 1388 796 1445 conatus
813 1375 920 1444 armis
946 1370 1079 1444 elidere
1095 1373 1233 1462 nititur,
1260 1377 1377 1444 uenus
1398 1373 1578 1468 sangvinis
1598 1375 1647 1443 sui

343 1493 482 1567 viribus
500 1511 743 1592 oppugnetur.
812 1493 994 1593 Siquidem
1010 1493 1109 1570 bello
1134 1521 1155 1567 a
1181 1497 1342 1567 Svencne
1366 1500 1498 1583 victure,
1532 1493 1645 1591 lugam

340 1641 446 1690 soum
463 1615 647 1693 Siulundiae
663 1615 825 1707 credidit,
839 1622 1102 1716 contractisque
1117 1643 1160 1690 ex
1175 1641 1217 1690 en
1233 1618 1379 1708 viribus,
1399 1639 1541 1688 rursum
1563 1641 1646 1688 con-

340 1740 496 1816 similem
524 1740 677 1813 sortunae
703 1739 867 1814 habitum
891 1739 1010 1814 novoli
1031 1767 1074 1813 er
1101 1743 1291 1814 certamine
1316 1740 1445 1813 retulit.
1501 1742 1647 1836 lemque
1727 1755 1728 1832 j

343 1864 546 1936 domesticis
561 1879 666 1936 eruto
682 1864 795 1961 copiis
820 1880 964 1936 externa
979 1887 1106 1936 munus
1123 1861 1346 1961 imploranda
1361 1861 1527 1935 restabat.
1579 1865 1647 1958 lgi-

340 2003 412 2076 tur,
430 1984 552 2058 relicta
567 1993 691 2085 petrin,
701 1983 897 2076 Julinum¹,
913 1988 1057 2060 Denicis
1072 1987 1177 2057 annis
1186 1987 1365 2074 refertum,
1385 1999 1511 2082 utpote
1522 1983 1647 2055 fidnci-

342 2133 443 2182 mum
460 2107 591 2182 militie
605 2131 680 2182 suae
697 2115 873 2209 gremium
890 2109 993 2183 exilio
1016 2114 1152 2208 petivit.
1201 2112 1477 2198 lotereuSveno,
1494 2107 1646 2180 nondum
1727 2197 1728 2212 ἶ

341 2247 493 2332 poterim
511 2231 595 2305 odio
611 2234 775 2332 pietatem
793 2232 945 2305 violasse
960 2245 1167 2322 contentus,
1201 2229 1432 2306 conciliandus
1453 2231 1524 2304 sibi
1539 2229 1645 2328 plebis
1727 2263 1728 2266 ¹

342 2357 454 2454 gratio
486 2353 609 2428 effusis
642 2357 826 2452 impietatis
858 2354 1007 2428 habenis
1046 2351 1285 2427 delendorum¹
1314 2379 1501 2427 sacrorum
1530 2375 1643 2424 curaui

342 2481 462 2552 enimc
478 2481 691 2577 pertinacius
708 2479 869 2576 sumpsit,
894 2481 1063 2576 omnique
1080 2476 1266 2550 divinitatis
1285 2474 1382 2548 cultu
1398 2457 1516 2573 patris
1531 2475 1644 2572 ejecto,

343 2603 557 2674 uictimarios
572 2600 727 2698 templis,
749 2607 819 2673 aris
836 2598 1028 2672 libamenta
1047 2601 1201 2672 restitnit.
1254 2603 1370 2690 Quem
1392 2622 1538 2672 rursum
1553 2611 1644 2696 pater

342 2726 456 2796 mixtis
474 2726 661 2796 Decorum
676 2723 960 2821 sclavorumque
985 2723 1120 2820 copiis²
1141 2719 1240 2818 opud
1262 2719 1440 2819 llelgenes
1466 2721 1561 2794 listris
1581 2742 1642 2816 ag-

341 2869 502 2948 gressus,
524 2845 617 2918 diem
641 2845 767 2944 praelio
800 2859 871 2918 tum
896 2847 992 2946 lugae
1015 2869 1125 2944 quam
1150 2845 1305 2918 victoriae
1329 2843 1463 2916 alienus
1501 2847 1643 2914 extorsit.

340 2973 380 3040 ln
398 2993 475 3066 quo
492 2967 674 3066 defetigati
689 2971 863 3040 exercitus
891 2968 1067 3040 nectendae
1083 2970 1181 3065 pacis
1202 2969 1311 3066 gratia
1337 2979 1521 3064 posteram
1537 2964 1640 3036 lucem

341 3089 524 3188 colloquio
547 3091 726 3191 trilruunt3
751 3115 834 3162 cum
862 3091 953 3163 lorte
978 3090 1166 3179 Huruldus,
1192 3086 1356 3160 creandae
1380 3087 1637 3184 compositionis

339 3211 473 3286 fiducia
490 3210 652 3286 licentius
671 3229 856 3312 evogatus,
883 3217 917 3285 in
937 3218 1161 3310 angustiores
1180 3216 1334 3284 nemoris
1358 3225 1476 3308 portes
1499 3233 1640 3282 conces-

340 3336 393 3408 sit.
444 3335 517 3409 Ubl
537 3359 619 3406 cum
638 3333 855 3406 exinuniendi
882 3340 1014 3408 ventris
1031 3335 1141 3434 gmtia
1156 3335 1309 3406 arbustis
1332 3332 1521 3422 insideret,
1540 3357 1559 3402 s
1575 3333 1641 3400 To-

338 3457 446 3547 kone,
463 3457 672 3554 injuriarum
690 3479 836 3530 sucrum
850 3455 1021 3529 ultionem
1038 3460 1183 3548 sitiente,
1208 3458 1331 3554 sagitta
1355 3455 1487 3527 vulnus
1506 3453 1641 3550 excepit,

338 3579 508 3679 idemque
523 3585 667 3653 saucius
684 3597 705 3650 a*
722 3579 794 3652 suis
815 3577 972 3652 lulioum
991 3578 1123 3652 relatus
1151 3577 1299 3650 celerem
1329 3582 1408 3650 vitae
1427 3582 1560 3652 exitum
1578 3576 1641 3646 ha-

338 3703 454 3778 huit&
507 3706 649 3800 Corpus
665 3703 742 3800 ejus
758 3699 976 3774 lloskildiam
1006 3703 1174 3773 missum⁴
1211 3700 1308 3800 apud
1325 3703 1521 3774 sacrarium
1538 3721 1642 3795 nuper

385 4028 551 4114 'JutauumJ
566 4035 614 4094 De
633 4049 667 4092 eu
682 4025 757 4090 urbe
771 4024 831 4088 rid.
850 4047 919 4109 quae
933 4027 964 4087 in
1022 4017 1164 4090 etlilium
1177 4028 1363 4090 uerrutiones
1382 4029 1463 4089 inter
1478 4047 1512 4090 se
1531 4045 1643 4106 compr·

337 4141 420 4204 notis
435 4137 520 4202 uber.
542 4127 965 4224 sdpsg.4801nn0tuvimus.
1021 4145 1102 4195 ratus
1119 4145 1152 4197 et
1171 4131 1349 4216 dijudicatas
1365 4131 1425 4195 rid.
1437 4135 1470 4196 in
1486 4144 1549 4195 not.
1565 4131 1641 4192 uber.

381 4251 581 4312 ‘Selauorum
614 4239 719 4330 copiis]
748 4241 827 4303 Suro
859 4237 962 4322 copies
1071 4241 1215 4326 ‘Corpus
1235 4243 1299 4320 ejus
1319 4242 1500 4302 itast-itatem
1520 4229 1641 4306 missum}

333 4356 514 4421 Sclsrorum
539 4347 659 4414 eosdem
689 4347 852 4433 intelligit,
887 4367 964 4430 quus
1025 4343 1192 4408 Eudemds
1207 4339 1641 4430 sepultoraelocotruditlds·

332 4459 559 4543 Jomsriltingrr
569 4458 633 4520 sire
649 4456 763 4541 piretus
777 4453 964 4524 Jomsrieem
1024 4473 1090 4514 mus
1105 4451 1276 4520 Bremensis
1288 4451 1340 4514 lib.
1356 4451 1458 4537 loup.
1470 4453 1580 4533 Vlllp.
1592 4441 1641 4506 55:

332 4589 381 4632 ses
397 4579 510 4630 vocent
526 4561 647 4628 lelandi.
1025 4561 1117 4640 Cujus
1136 4583 1242 4644 eorpus
1262 4564 1291 4619 in
1308 4565 1443 4645 patriam
1463 4561 1502 4620 ob
1522 4557 1639 4620 mnis

379 4679 527 4738 'Saucius
558 4716 581 4732 ..
605 4676 674 4732 cito
704 4675 814 4731 exilum
844 4663 959 4745 habuit]
1023 4670 1203 4752 reportatum
1237 4668 1321 4750 opud
1351 4663 1473 4726 tussitat
1504 4667 1639 4724 cisium

333 4783 440 4850 Verius
458 4779 496 4842 de
515 4777 611 4842 botos
636 4777 718 4840 bello
742 4777 822 4839 inies·
845 4787 962 4860 petrem
1025 4775 1197 4842 deecclesia,
1214 4793 1302 4854 quom
1314 4776 1377 4856 ipse
1391 4761 1506 4857 primos
1519 4772 1549 4831 tlt
1561 4767 1640 4828 loeo·
