3506 5458
700 257 858 363 sunno.
1306 279 1378 360 sut

119 527 163 576 co
178 517 294 594 sistus,
318 501 448 578 infulsa
470 506 632 601 sumpsit.
691 497 980 600 cujuslibeualis
1003 501 1039 574 io
1062 499 1173 574 deum
1189 505 1348 590 animus,
1386 521 1434 571 ne

119 622 275 724 per-sula
291 623 440 722 quidem
461 625 527 700 sibi
542 647 683 699 summa
704 637 858 707 menta,
893 621 1154 721 amplissimum
1179 623 1433 723 patrimonium

119 749 326 824 nmoessriis
340 747 557 845 templorum
575 747 702 822 usibus
712 754 889 847 erogant,
908 745 1092 844 cellasque
1106 763 1188 820 ante
1202 745 1238 818 id
1254 749 1306 820 rei
1321 747 1433 820 farni-

120 869 219 946 liaris
236 877 362 970 inopes
377 868 569 944 uberrimis
586 875 681 970 agris
697 895 740 944 ac
759 869 953 944 latifundiis
969 867 1170 968 locupletes
1184 867 1318 961 effecit,
1340 869 1434 943 adeo

120 1009 161 1068 nt
176 993 478 1068 excellentissimae
496 995 602 1067 totins
624 997 728 1066 Jutiae
749 999 926 1084 civitates,
951 991 1126 1092 quicquid
1151 1015 1255 1091 prenc
1272 989 1431 1090 prsedio-

120 1141 202 1188 rom
222 1115 427 1213 possident,
456 1141 478 1190 a
501 1118 668 1218 religiosa
689 1121 769 1217 ejus
796 1115 991 1191 donatione
1012 1117 1244 1214 perceperint.
1309 1117 1436 1212 ltaque

120 1243 273 1337 propior
286 1238 442 1337 publioae
457 1238 635 1314 devotioni
652 1265 762 1337 qnam
781 1241 927 1340 privatae
950 1238 1109 1314 facultati
1130 1235 1330 1334 solidaeque
1349 1259 1435 1308 rna-

123 1367 179 1460 gis
201 1385 314 1460 quam
333 1362 440 1436 fluxae
462 1361 580 1437 landis
601 1378 795 1460 appetens,
820 1377 1072 1436 momentaneo
1098 1385 1220 1434 rerum
1253 1357 1437 1458 impendio
1455 1445 1459 1462 Ι

122 1507 309 1558 mansuras
324 1490 429 1558 animi
448 1483 593 1558 delicias
607 1487 841 1583 compararit,
865 1509 978 1584 seque
994 1485 1194 1584 patrimonii
1212 1507 1323 1581 quem
1345 1481 1436 1553 reli-

17 1613 19 1620 ’
122 1609 266 1703 guonem
283 1609 334 1678 rei
348 1605 531 1683 familiaris
547 1610 693 1706 inopem
713 1631 790 1680 esse
806 1607 947 1702 maluit,
973 1605 1019 1680 ad
1036 1633 1119 1680 cum
1133 1604 1346 1679 hereditans
1360 1629 1437 1677 sure

124 1725 301 1802 honorem
321 1729 544 1820 transferens,
561 1756 582 1803 a
599 1756 675 1828 quo
692 1733 752 1828 pia
771 1727 866 1802 dona
881 1733 1063 1829 perpetuis
1084 1729 1188 1802 bonis
1206 1725 1438 1826 rependenda

124 1867 354 1951 cognoverat.
413 1854 486 1924 Nec
507 1858 771 1950 possessionem
794 1855 903 1925 sacris
925 1851 1144 1950 impendisse
1167 1867 1375 1940 contentos,
1398 1865 1439 1922 ut

124 1999 250 2048 omnes
265 1977 403 2048 virtutis
423 1991 540 2073 partes
556 2001 599 2049 ac
615 1999 786 2050 numeros
804 1991 1052 2073 exequeretur,
1063 1981 1168 2049 etiam
1183 1999 1304 2048 rerum
1319 1973 1438 2047 bene-

123 2097 211 2172 ficiis
225 2099 397 2172 virtutum
410 2094 613 2196 adjumenta
632 2099 829 2172 subtexuit·
852 2097 1035 2195 Siquidem
1053 2097 1267 2171 Sialandiam
1289 2113 1324 2170 et
1347 2099 1439 2170 Sce-

124 2225 221 2292 niam
244 2217 364 2294 officio
389 2223 459 2318 piae
486 2221 693 2294 eruditionis
719 2243 912 2320 aggressus
941 2221 1130 2293 mirificum
1154 2227 1243 2309 sacri
1262 2221 1440 2321 dogrnstis

125 2357 309 2415 auctorem
325 2367 433 2442 agere
448 2346 566 2442 coepit.
620 2347 671 2416 Ac
688 2369 734 2417 ne
748 2349 893 2442 parcius
916 2345 1021 2416 animi
1038 2369 1149 2441 quam
1165 2346 1329 2443 corporis
1352 2343 1439 2415 olli-

127 2467 222 2538 cium
247 2463 523 2559 administraret,
553 2481 688 2540 tanturn
712 2491 751 2540 se
778 2469 815 2538 in
842 2465 1094 2565 amplificanda
1122 2463 1292 2565 religione
1321 2467 1440 2565 gessit,

128 2603 302 2686 quantum
319 2603 440 2688 egerat
462 2591 497 2660 in
513 2587 775 2687 locupletanda,
800 2616 869 2690 pro
887 2615 962 2690 qno
979 2592 1235 2690 patrimonium
1260 2611 1447 2689 erogave-¹

127 2729 193 2802 rat,
209 2715 314 2786 etiam
331 2727 446 2786 morte
461 2730 608 2810 paratus
624 2714 848 2787 occumbere.

260 2839 438 2908 Ceterum
453 2837 582 2925 Sveno,
598 2835 716 2910 senilis
738 2839 864 2914 animae
884 2834 1072 2910 laboribus
1087 2835 1212 2925 fessus,
1234 2833 1358 2907 divinis
1376 2857 1441 2904 re-

127 2957 197 3032 bus
225 2957 481 3056 infatigabilem
520 2957 631 3032 ultimi
657 2964 830 3058 temporis
860 2985 984 3032 curam
1027 2958 1186 3050 tribuit¹,
1217 2985 1286 3032 nec
1316 2957 1441 3056 spiritu

128 3293 161 3339 st
172 3281 264 3362 sama
276 3282 455 3361 sartengis,
476 3282 522 3339 uir
542 3281 755 3347 sanctissimus,
814 3277 852 3340 sd
860 3278 950 3340 lineus
965 3297 1058 3362 ttsqrw
1072 3277 1143 3340 vitre
1159 3275 1248 3339 bellis
1260 3286 1290 3338 et
1309 3274 1443 3338 eedssm

126 3401 156 3446 et
171 3387 274 3445 doctus
296 3391 327 3445 irs
349 3385 407 3454 dis,
425 3405 488 3466 pure
511 3385 552 3445 ad
566 3387 658 3444 &uns
674 3400 755 3454 sunt,
814 3385 980 3446 inhiantem
992 3385 1113 3446 sistunt.
1155 3381 1267 3445 lelandi
1282 3401 1355 3445 tero
1378 3381 1444 3474 iss·

83 3542 87 3551 ,
128 3507 270 3576 quantum
289 3513 358 3552 esre
374 3492 416 3552 od
430 3493 570 3562 sardam,
592 3489 696 3550 nobilis
725 3505 755 3548 et
816 3504 847 3553 tn
869 3489 960 3552 fidem
984 3489 1155 3572 bnglosum
1186 3502 1342 3564 esserunt,
1367 3491 1444 3552 San·

127 3601 243 3680 arigim
257 3599 370 3658 Dasius.
424 3599 507 3659 Unde
527 3615 557 3658 ee
569 3596 666 3680 facile
689 3596 756 3655 bar·
815 3609 897 3660 ctnrn
929 3593 1124 3658 Edmundum
1162 3609 1256 3657 noctu
1293 3595 1446 3659 necavisse

127 3703 454 3788 dariiquoettierpornir
471 3703 508 3764 de
523 3721 625 3765 aurern
640 3705 756 3785 religio·
813 3705 1004 3776 Srcnonem,
1033 3699 1141 3764 eodem
1165 3701 1275 3778 medo,
1293 3719 1355 3786 quo
1370 3703 1446 3764 Ssu-

129 3834 166 3870 roe
175 3811 361 3895 persuadere.
404 3809 478 3890 Cap.
491 3804 546 3870 tn:
566 3811 682 3872 Clarur'r
702 3808 756 3868 eri·
814 3823 881 3872 ctus
898 3807 1063 3872 Mercurius
1087 3807 1160 3870 olim
1183 3807 1373 3870 interfecerit
1392 3811 1446 3870 Ju-

128 3939 176 3978 nm
203 3931 272 3978 tunc
292 3916 398 3991 (retste
420 3911 582 3990 brenonis)
608 3921 638 3976 in
658 3916 758 3975 Daris
815 3919 928 3982 liranum
952 3919 1132 4000 Apostntam
1159 3913 1243 3994 (bist.
1266 3933 1330 3998 reg.
1351 3917 1445 3976 Nor-r.
1574 3951 1576 3959 ‹

125 4023 226 4102 [elices
236 4025 377 4082 memorie
390 4021 523 4083 odram
536 4025 641 4092 seram,
654 4022 689 4080 de
702 4041 758 4101 quo
816 4025 877 4088 rol.
891 4026 916 4084 ΙΙ
934 4045 964 4105 p.
984 4019 1033 4097 10,
1047 4020 1234 4102 linytlingss.
1248 4037 1314 4103 esp.
1325 4015 1368 4098 6).
1389 4021 1446 4084 So-

129 4151 223 4214 ssprn
245 4129 385 4198 dratinus,
404 4131 457 4210 qui
476 4131 508 4187 r'rs
519 4129 622 4199 Frons,
637 4127 760 4194 defend,
818 4130 865 4191 lus
875 4127 1087 4190 'Encnnsisstes
1102 4128 1219 4186 Erotem
1232 4125 1377 4187 aemulls
1394 4125 1458 4187 lts··

127 4237 241 4296 Sennea
257 4259 292 4296 ae
310 4240 341 4296 s'rs
356 4234 463 4295 Swdr'n
482 4235 664 4318 proedr'ssrrs,
687 4231 761 4290 niuf-
819 4215 885 4312 bet,
903 4255 971 4318 quar
987 4231 1140 4294 illustrare
1161 4231 1300 4314 possint,
1320 4251 1447 4316 qttonstt·

129 4357 177 4401 tus
190 4341 233 4400 ad
246 4341 444 4404 Christianam
452 4339 543 4418 fidem
555 4340 707 4400 convertit.
819 4339 859 4403 do
877 4339 985 4423 opinio
1002 4337 1041 4399 de
1061 4358 1127 4400 sesa
1145 4338 1225 4421 regis
1244 4335 1355 4400 ferocis
1374 4357 1448 4399 non.

177 4449 319 4506 ⁸Diuinis
338 4448 421 4508 rebus
441 4449 538 4507 ultimi
558 4461 696 4529 temperas
711 4429 783 4502 crs-⁸
820 4445 958 4510 versione
996 4445 1071 4506 oriri
1111 4442 1256 4528 potuerit.
1343 4443 1447 4506 Affers

130 4577 195 4616 ram
214 4548 332 4632 triburi]
355 4555 432 4644 Qun
459 4553 570 4613 Noster
591 4549 642 4610 bic
663 4543 760 4608 affert
819 4552 900 4613 eninr
917 4551 987 4626 ille,
1014 4552 1186 4614 Sveuosem
1214 4551 1394 4614 morientem
1414 4551 1449 4614 li·

130 4658 171 4723 de
197 4658 304 4720 nltirns
329 4658 400 4719 sitm
424 4655 575 4720 Sueuonis
596 4665 685 4737 perte
709 4652 758 4735 pie
818 4657 892 4718 lium
913 4661 1062 4720 Csnutnrs
1086 4659 1179 4719 stulte
1199 4657 1235 4718 de
1254 4659 1449 4740 gubernaculo

131 4775 404 4848 transactamus-um
412 4775 495 4824 certe
502 4750 762 4824 convenientium
821 4770 917 4849 regni,
938 4765 1030 4826 martra
1044 4765 1080 4825 de
1100 4765 1198 4826 erudas
1216 4765 1450 4827 Cirisasairaris

131 4869 291 4934 annalibus
313 4870 500 4954 duglas-usn,
518 4866 571 4952 qui
587 4871 759 4932 srenonem
820 4873 968 4934 burtonam
979 4873 1087 4956 sauss.
1142 4867 1379 4935 Observationes
1398 4887 1450 4952 ge·
