3548 5470
359 323 408 397 2-‘l
674 325 851 397 HISTOR.
878 327 983 397 DAN.
1035 328 1173 398 LlBER
1199 329 1223 397 l.
1309 323 1311 328 ’

308 543 371 620 tim
392 536 441 610 ab
471 561 515 619 eo
530 539 687 634 superati
705 526 929 631 prodenti,
951 559 972 608 e
998 533 1132 634 quibus
1154 535 1292 610 Attalus
1312 551 1346 608 et
1366 535 1509 607 Scums¹
1528 531 1613 606 clari

308 659 537 756 illustresque
560 659 670 732 luere.
721 656 934 750 Quindecim
955 681 1069 754 annos
1097 663 1223 731 natus²
1260 659 1427 730 inusitato
1451 661 1615 754 corporis

307 785 526 854 incremento
544 781 840 879 perfectissimum
855 777 1003 854 humani
1016 779 1160 854 roboris
1184 769 1369 878 specimen
1388 777 1615 877 praelerebat,

307 919 477 999 tantaque
491 901 622 978 indolis
637 907 716 1004 ejus
731 907 973 1000 experimenta
992 901 1111 992 fuere,
1142 918 1184 974 ut
1198 902 1246 974 ab
1261 909 1340 1000 ipso
1356 905 1475 974 caeteri
1493 903 1616 972 Dauo·-

308 1049 390 1098 rum
405 1027 522 1123 Reges
545 1028 728 1099 communi
743 1023 906 1124 quodam
921 1023 1103 1098 vocabulo
1127 1022 1335 1123 Skioldungi
1363 1045 1617 1119 nuncuparen-

310 1147 404 1218 tur³.
461 1147 560 1220 Idem
577 1147 755 1247 perditam
772 1162 808 1218 et
822 1169 992 1219 enervam
1006 1152 1116 1221 vitam
1130 1161 1275 1244 agentes
1292 1149 1618 1241 continentiamque

312 1265 396 1340 luxu
412 1267 614 1344 labefacere
642 1269 765 1343 solitos
787 1265 840 1340 ad·
853 1265 1113 1366 capessendam
1133 1273 1300 1340 virtutem
1315 1291 1437 1342 rerum
1456 1271 1617 1366 agitatio·

310 1413 356 1460 ne
371 1388 518 1462 sedulus
536 1392 722 1465 excitabat.
814 1437 819 1447 .

442 1513 689 1586 Praecurrehat
709 1520 817 1615 igitur
839 1509 1008 1584 Skioldus
1032 1514 1162 1582 virium
1183 1510 1487 1610 complementum
1511 1517 1617 1584 artiori

311 1637 530 1722 maturitate,
558 1634 819 1736 conflictusque
834 1640 961 1736 gessit,
993 1657 1150 1731 quorum
1172 1637 1230 1704 vix
1246 1652 1427 1731 spectator
1454 1635 1503 1708 ob
1519 1651 1618 1706 tene·

311 1752 503 1825 ritudineru
529 1779 606 1829 esse
627 1775 777 1856 poterat.
840 1761 881 1828 ln
905 1781 980 1854 quo
1004 1779 1181 1826 annorum
1199 1759 1411 1854 virtutisque
1440 1780 1617 1854 procursu

312 1875 364 1947 ob
382 1875 558 1967 Avildam,
574 1905 682 1976 quam
702 1905 850 1952 summac
866 1875 1140 1978 pulchritudinis
1158 1881 1285 1950 intuitu
1299 1878 1518 1974 postulabat,
1536 1905 1617 1961 cum

314 1999 430 2086 Scato,
447 1997 852 2101 Alemanuiaesatrapa⁴,
876 2000 1039 2100 ejusdem
1053 1997 1186 2098 puellae
1201 2006 1446 2097 competitore,
1460 1999 1620 2072 Theuto-

228 2136 233 2145 ·
314 2145 400 2192 rrum
425 2124 685 2222 Denarumque
701 2131 856 2198 exercitu
883 2129 1103 2221 inspectante
1125 2147 1169 2193 ex
1191 2126 1447 2219 provocatione
1461 2121 1619 2196 dimica·

315 2246 375 2331 vit,
398 2243 659 2344 interfectoque
675 2271 720 2320 eo
748 2273 892 2320 omnem
907 2247 1186 2318 Alamannorum
1208 2261 1370 2343 gentem,
1401 2243 1552 2341 perinde
1578 2241 1621 2318 ac

314 2362 418 2438 ducis
442 2373 495 2438 sui
522 2372 664 2452 interitu
690 2368 919 2455 debellatam,
934 2368 1120 2441 tributaria
1138 2365 1271 2446 ditione
1289 2366 1502 2465 perdomuit.
1554 2371 1620 2441 Hic

315 2511 389 2558 non
405 2495 512 2561 armis
529 2487 651 2580 modo,
668 2517 796 2565 verum
820 2495 925 2562 etiam
950 2495 1075 2588 patriae
1097 2489 1242 2560 caritate
1269 2491 1487 2586 conspicuus
1503 2497 1620 2564 extitit.

315 2609 497 2705 Siquidem
522 2617 649 2710 impias
665 2612 764 2712 leges
784 2613 983 2712 abrogavit,
999 2611 1172 2685 salutares
1198 2609 1293 2702 tulit,
1318 2628 1353 2684 et
1375 2613 1550 2710 quicquid
1575 2614 1620 2685 ad

314 2731 579 2807 emendandum
603 2741 726 2832 patriae
749 2751 878 2808 statum
901 2738 1055 2825 attinuit,
1087 2757 1228 2807 summa
1255 2733 1434 2830 diligentia
1450 2741 1620 2832 praestitit.

315 2852 434 2926 Sedet
453 2875 617 2953 regnum,
635 2863 744 2952 patris
760 2857 1201 2954 improbitateamissum,
1231 2860 1360 2928 virtute
1386 2866 1620 2956 recuperavit.

315 2977 454 3050 Primus
483 2978 798 3050 rescindendamm
826 2984 1141 3054 manumissionum
1172 2977 1290 3076 legem
1313 2977 1457 3050 edidit‘.
1511 2983 1620 3070 Servi,

318 3272 443 3358 legimus
458 3275 633 3340 llerioll'um
654 3291 815 3344 octennem
837 3303 938 3343 ursum
993 3292 1055 3342 tres
1072 3290 1347 3342 commemorantur
1361 3276 1441 3342 inira
1449 3278 1482 3340 in
1496 3279 1621 3344 historia

316 3379 462 3444 occidisse
480 3396 570 3468 atqve
590 3384 650 3446 hoc
671 3384 787 3449 facinus
806 3389 938 3450 carmine
996 3383 1124 3448 Haraldi
1138 3383 1284 3446 Hildetan
1298 3383 1351 3446 lib.
1368 3387 1431 3451 vlt.

316 3483 408 3548 fuisse
421 3488 617 3552 celebratum.
1039 3497 1050 3529 ²
1066 3494 1234 3576 Quindecim
1250 3515 1342 3552 annos
1356 3487 1457 3569 reatus]
1474 3493 1619 3576 Exempla

363 3595 370 3628 ¹
387 3596 507 3655 Attalus
530 3614 558 3658 et
586 3596 705 3679 Scarus]
724 3603 800 3662 Haec
815 3600 936 3664 nomina
993 3597 1103 3660 matini
1116 3597 1237 3659 roboris
1255 3613 1291 3656 ex
1307 3595 1485 3678 antiquitate
1505 3594 1622 3660 boreali

315 3696 442 3780 propria
463 3698 494 3759 in
514 3700 695 3786 antiquitate
718 3701 834 3766 boreali
856 3703 938 3766 haud
993 3703 1128 3766 desumta
1145 3701 1203 3764 vid.
1218 3702 1250 3764 in
1264 3713 1327 3763 not.
1340 3701 1390 3762 ul).

315 3802 437 3864 insolita
464 3805 648 3887 appellative
669 3829 789 3892 qvoqve
816 3831 939 3871 sumna·
1039 3805 1493 3894 ³Sltolclunginancuparentur]
1508 3812 1556 3872 De
1570 3831 1621 3872 eo-

317 3920 366 3970 tuc
377 3927 386 3986 3
397 3910 606 3987 Atalestacer,
619 3925 767 3991 strenuus,
783 3913 862 3976 nndc
875 3915 937 3976 Atii
993 3912 1401 3997 gnomineSltioldungorum
1419 3913 1479 3976 vid.
1495 3927 1558 3979 not.
1569 3917 1621 3978 ub.

315 4035 425 4076 nomen
440 4013 497 4076 viri
515 4012 591 4090 (vid.
618 4035 710 4078 carm.
732 4017 810 4078 Edd.
826 4021 938 4104 Helga-
1039 4019 1488 4107 ⁴5t1as0Atemanmtssasrapa]
1504 4025 1551 4084 De
1563 4022 1621 4084 hac

315 4119 405 4206 quida
441 4119 614 4204 Haddingia
647 4121 736 4185 Sltata
773 4125 835 4186 Str.
874 4123 937 4205 15),
994 4123 1166 4188 tractatione
1183 4123 1243 4184 rid.
1257 4137 1320 4186 not.
1337 4123 1387 4186 ub.

315 4227 397 4290 Scati
411 4226 532 4303 ostrir,
549 4225 656 4308 heros;
672 4227 730 4290 vid.
746 4229 843 4290 Gloss.
859 4229 938 4290 Edd.
1039 4234 1175 4291 ‘Primus
1193 4234 1444 4294 rescindendarum
1464 4235 1620 4296 manuniis·
1747 4285 1748 4306 ,

314 4337 403 4395 Saem.
423 4333 485 4396 tol.
505 4331 535 4394 Q.
585 4331 939 4398 lnEddaSnorr.1n0·
994 4343 1105 4398 sinuum
1141 4339 1231 4418 Iegem
1270 4333 1376 4415 edidit]
1456 4337 1620 4401 Rescinde-
1747 4339 1748 4366 ¹

316 4449 451 4499 moratur
471 4457 524 4501 rex
539 4439 662 4524 qiidam
682 4441 767 4504 Sltati
784 4442 939 4526 cognomi·
995 4461 1027 4502 re
1053 4441 1299 4504 manumissiones
1330 4455 1376 4505 est
1406 4441 1508 4504 irritas
1536 4441 1619 4506 face-

316 4559 355 4602 ne
370 4547 453 4603 mildi
468 4543 641 4630 (benignus,
662 4547 758 4628 mitis)
780 4546 861 4610 unde
874 4567 938 4610 om·
993 4567 1035 4608 re.
1110 4551 1154 4609 lta
1190 4549 1329 4614 Valerius
1365 4547 1511 4627 Maximus
1552 4549 1611 4611 Lib

316 4666 370 4708 nes
382 4647 470 4710 mites
491 4652 623 4733 apoetis
642 4654 764 4716 nomine
782 4655 868 4717 Skati
886 4675 938 4738 ap·
993 4657 1029 4730 ll,
1058 4651 1096 4733 ii,
1125 4653 1158 4716 7:
1190 4657 1387 4716 Massilienses
1421 4671 1482 4717 tres
1511 4661 1542 4718 in
1573 4683 1620 4718 eo·

317 4754 479 4837 pellantur.
536 4756 618 4820 Scati
640 4771 671 4820 et
690 4759 772 4822 niati
795 4757 856 4821 duo
879 4757 939 4822 sca·
994 4761 1057 4825 dem
1089 4763 1323 4826 ntonumt'ssr'oues
1352 4761 1479 4824 rescindi
1497 4767 1620 4849 permii-
1746 4775 1747 4820 ἲ
