3446 5458
493 351 519 386 ..
592 277 779 382 snorum
801 278 858 348 111.
1246 287 1319 359 223

86 481 222 562 cendam
237 485 366 562 Ericus
379 509 464 560 cum
478 501 561 560 octo
574 487 724 588 navigiis
742 485 959 582 destinatum
998 491 1142 593 Quippe
1151 492 1289 576 Frotlm
1301 523 1371 574 ru·

81 609 127 682 dis
139 599 255 714 adhuc
268 613 320 706 rei
336 607 476 684 bellicae
491 605 687 684 videbatur.
723 612 850 686 Erieus
867 614 984 712 iginum
997 638 1044 688 ne
1059 615 1198 692 virilem
1212 643 1370 718 unquam

82 758 214 832 operam
230 729 454 822 detrectaret,
478 747 687 830 susceptum
700 731 920 832 gratulanter
945 733 1102 810 officium
1124 739 1260 816 fortiter
1282 769 1388 819 exe-.

81 853 252 954 quendum
269 855 417 930 curavit.
463 857 531 948 Qui
548 877 632 926 cum
648 858 780 953 piratas
795 863 950 955 septenis
965 858 1117 934 navibus
1134 886 1212 936 esse
1227 889 1370 964 eogno—

79 995 191 1067 sceret,
216 1003 289 1052 una
310 991 483 1050 tantuma
503 980 576 1050 suis
602 973 794 1086 advectus,
824 977 980 1077 reliquas
1004 979 1131 1078 ligneis
1152 1009 1371 1086 propugna-

79 1102 156 1176 culis
176 1105 269 1208 cingi
294 1101 478 1195 tonsisque
505 1097 677 1172 arborum
698 1097 893 1172 ramalibus
907 1099 1038 1176 obduci
1053 1103 1168 1202 jubet.
1219 1109 1388 1202 Deinde,

80 1253 151 1298 cum
174 1227 320 1300 bosticae
346 1219 466 1294 classis
490 1245 684 1294 numerum
708 1219 850 1320 plenius
878 1223 1127 1320 speculaturus
1149 1229 1372 1325 procederet,

80 1347 335 1448 insequentibus
349 1369 388 1416 se
407 1340 552 1433 Selavis,
583 1344 681 1414 ocius
697 1342 746 1414 ad
766 1347 852 1416 suos
869 1343 1035 1444 refugere
1056 1351 1177 1446 coepit.
1228 1355 1273 1426 At
1296 1351 1371 1428 lao-

79 1489 138 1544 stes
153 1488 193 1543 nt
209 1468 418 1542 insidiarum
434 1468 558 1563 ignari,
572 1468 620 1536 ita
636 1466 829 1563 lugientem
844 1465 1150 1568 comprehendere
1163 1471 1268 1565 avidi,
1287 1499 1372 1550 cre·-

82 1595 140 1668 bro
155 1595 443 1688 incunctantique
460 1586 592 1661 ssuctus
608 1589 757 1688 remigio
773 1612 995 1664 concussere.
1046 1596 1162 1666 Nares
1177 1599 1271 1668 enim
1285 1600 1371 1670 Eri·
1494 1673 1495 1678 ,

80 1722 107 1790 ci
120 1715 257 1818 liquido
272 1714 440 1814 cognosci
457 1735 530 1786 non
545 1725 721 1807 poterant,
745 1709 943 1785 frondentis
960 1710 1071 1810 sylvae
1093 1721 1250 1814 speciem
1268 1749 1371 1822 prae-

80 1841 231 1916 ferentes.
290 1839 361 1935 Qui
386 1859 468 1908 cum
489 1833 702 1931 angustioris
722 1853 762 1904 se
783 1836 890 1906 maris
909 1831 1014 1908 flexui
1031 1829 1268 1934 tradidissent,
1300 1872 1386 1924 su-.

78 1963 143 2036 bito
155 1966 250 2036 Ericl
266 1960 378 2037 classe
397 1953 585 2056 conclusos
603 1953 734 2028 vident.
772 1952 843 2028 Sed
857 1960 1023 2054 primum,
1039 1960 1277 2042 inusitafueie
1287 1985 1388 2046 stu-,

77 2085 154 2183 pidi‚
177 2086 323 2184 navigio
339 2103 465 2156 nemus
482 2079 538 2178 agi
552 2075 744 2176 putabant3
776 2074 907 2150 deinde
929 2079 1094 2159 fraudem
1116 2085 1210 2162 foliis
1224 2089 1372 2170 subesse

78 2221 300 2308 cognoscunt.
360 2206 482 2279 Seram
499 2224 585 2298 ergo
601 2201 743 2272 incuriae
758 2201 1002 2298 poenitentiam
1023 2225 1186 2304 agentes,
1211 2209 1372 2290 habitem

78 2334 243 2402 incautius
274 2327 537 2424 navigationem
559 2325 716 2396 remetiri
743 2322 935 2398 tentabant.
1006 2327 1078 2400 Sed
1104 2328 1192 2404 dum
1224 2359 1371 2435 puppes

77 2451 259 2528 obvertere
271 2463 410 2548 parant,
435 2445 483 2518 ab
505 2441 609 2521 hoste
631 2469 692 2520 ens
712 2443 831 2520 insiliri
849 2451 1081 2544 conspiciunt.
1129 2456 1258 2529 Ericen
1271 2482 1372 2549 vero,

77 2573 249 2648 subducto
264 2574 305 2678 in¹
323 2570 422 2646 littus
436 2573 596 2668 navigio,
610 2667 614 2675 Ι
629 2565 741 2643 sunda
762 2566 892 2664 procul
911 2566 947 2640 in
974 2567 1096 2646 hostes
1115 2599 1199 2653 sara
1215 2593 1371 2676 torque-

76 2695 140 2770 bat.
175 2701 288 2798 Igitur
302 2692 511 2797 Sclavorum
525 2691 608 2764 caesi
623 2689 797 2802 plerique,
812 2687 1047 2790 quadraginta
1063 2698 1158 2792 capti
1170 2697 1283 2790 fuero,
1306 2705 1370 2799 qui
1385 2731 1388 2742 ·

75 2835 203 2916 postea,
227 2816 379 2892 vinculis
397 2841 440 2890 ac
456 2814 550 2888 fame
568 2813 731 2905 coerciti,
757 2813 848 2886 inter
871 2814 987 2886 varias
1008 2819 1187 2894 cruciatus
1202 2824 1372 2918 augusti-

76 2965 111 3014 as
123 2947 287 3040 spiritum
305 2938 558 3038 deposuerunt.

197 3067 336 3136 Interea
357 3058 492 3152 Frntho
516 3057 732 3158 trajicienda
757 3059 791 3130 in
809 3056 982 3133 Sclaviam
1005 3058 1236 3158 expeditionis
1251 3066 1373 3165 gratia,

75 3201 141 3258 tam
165 3211 187 3260 e
208 3170 324 3260 banis
350 3209 460 3284 qnam
477 3208 521 3256 ex
534 3180 690 3256 finitimis
713 3181 891 3278 ingentem
912 3186 1086 3258 acciverat
1103 3183 1264 3260 classem.
1288 3190 1373 3262 Hu-

73 3311 128 3404 jus
142 3309 288 3382 minima
301 3311 386 3395 ratis
403 3303 556 3396 extabat,
579 3329 662 3403 quae
679 3302 843 3378 bissenos
870 3304 1016 3380 veheret
1028 3308 1187 3382 nauticos
1202 3306 1374 3384 totidem:-

73 3455 142 3528 que
159 3431 316 3528 remigiis
333 3434 390 3532 agi
409 3444 541 3530 posset.
596 3432 680 3500 Post
695 3424 774 3498 haec
789 3429 926 3517 Ericus,
941 3428 1050 3500 sociis
1069 3432 1257 3525 patientius
1272 3457 1373 3530 praa-

73 3551 188 3631 stolari
202 3552 331 3650 jussis,
357 3567 444 3626 actae
460 3553 535 3650 jem
555 3546 668 3622 cladis
688 3548 819 3622 lamam
832 3545 1002 3625 Frothoni
1019 3549 1222 3648 perlaturus
1238 3577 1372 3630 occur-

70 3679 121 3748 rit.
183 3677 350 3774 Cumque
365 3671 570 3772 navigando
587 3677 748 3772 puppim,
768 3671 860 3746 torte
882 3671 1067 3770 piraticam
1083 3674 1226 3750 vadosis
1241 3701 1284 3752 ac
1298 3679 1373 3753 mi-

71 3821 136 3878 nus
159 3795 237 3876 altis
250 3794 640 3896 gurgitibusinssictam
655 3793 792 3890 haerere
816 3798 1056 3892 conspiceret,
1090 3797 1192 3895 quod
1214 3823 1273 3875 res
1292 3799 1375 3874 for-

71 3921 177 3992 tuitas
190 3917 368 3993 dictorum
382 3922 554 4017 gravitate
569 3917 742 4017 prosequi
756 3913 882 3992 solitus
896 3933 983 4008 erat,
991 3919 1155 3993 Obscura
1169 3936 1233 4012 est,
1250 3925 1376 4018 inquit,

68 4041 281 4138 ignobilium
298 4063 377 4115 sors
401 4038 615 4140 fortunaque
632 4037 954 4117 viliumsordida1.
1006 4041 1156 4134 Deinde,
1170 4065 1262 4115 nave
1280 4066 1375 4140 pro-

67 4309 287 4396 significatione
305 4306 396 4371 medii
416 4307 473 4370 aevi
494 4307 693 4392 scriptoribus
752 4306 872 4390 gentius
879 4305 953 4370 Feb.
961 4309 1061 4376 XLV:
1074 4313 1232 4392 Postquam
1245 4315 1276 4372 vir
1284 4311 1376 4372 Thro-

67 4419 197 4496 usitats3
212 4414 316 4480 Gallus
331 4409 494 4488 Confessor
508 4415 694 4504 cap3Xllll:
754 4419 828 4474 riom
851 4415 947 4484 redit,
974 4415 1161 4478 Philomelam
1193 4417 1315 4479 mundat
1336 4417 1378 4480 ad

67 4523 140 4582 Sero
155 4545 263 4608 quoque
276 4546 341 4582 cum
354 4521 475 4606 sactum
492 4539 552 4599 est,¹
569 4526 634 4608 apsa
648 4524 694 4583 die
757 4523 899 4610 lynpertm
913 4522 1029 4602 Regem.
1050 4517 1100 4598 (S)
1194 4507 1197 4514 ‚

66 4613 211 4714 apparuit
227 4628 378 4714 Apostolr's
398 4631 472 4696 suis,
492 4644 520 4686 et
545 4619 602 4700 eis,
618 4651 694 4710 gau·
802 4629 1008 4705 ¹Fortunaquc
1025 4627 1123 4688 uultum
1143 4623 1278 4708 sordida]
1297 4625 1377 4690 Huic

66 4733 117 4793 dia
130 4737 217 4820 pacis
237 4733 395 4802 mandens,
410 4733 580 4816 riasvfflaoit.
624 4731 695 4794 Fut·
754 4731 912 4794 sententiae
926 4727 991 4790 fere
1005 4729 1168 4816 respondet
1178 4731 1374 4814 proverbium
