3476 5460
248 252 261 275 ⁶
359 301 433 376 sas
692 293 1255 370 fflsronnatttsannvm.

439 503 590 598 Deinde,
604 503 811 578 canentibus
818 501 926 594 lituis,
942 505 1261 606 summorumque
1276 507 1312 579 vi
1328 497 1528 581 conseritur
1535 505 1617 580 bel-

184 671 207 698 μ
307 636 394 708 lum.
420 685 424 692 -
446 628 622 704 Crederes
638 641 782 726 repente
797 625 897 699 terris
912 627 1081 725 ingruere
1093 625 1239 719 coelum,
1257 627 1380 726 sylvas
1401 651 1620 728 camposque

306 752 503 843 subsidere,
526 752 665 824 misceri
689 751 819 840 omnia,
843 749 1030 848 antiquum
1052 749 1199 825 rediisse
1221 749 1369 842 chaos¹,
1383 749 1504 824 dirim
1519 755 1620 850 ptui-

306 896 361 952 ter
376 893 411 948 et
425 875 583 949 humana
598 869 817 946 tumultuosa
839 885 1046 969 tempestate
1071 871 1263 963 confundi,
1294 889 1497 972 cunctaque
1519 871 1620 947 simul
1718 931 1719 968 ,

308 1007 345 1086 in
360 999 552 1098 perniciem
577 991 677 1066 trahi
729 995 821 1064 Nam
833 990 896 1064 ubi
914 989 961 1064 ad
976 993 1034 1066 teli
1050 997 1187 1094 jactum
1201 975 1426 1094 perventum,
1451 994 1619 1068 intolera-
1718 983 1719 1050 l

308 1123 391 1197 bilis
413 1141 597 1194 armorum
616 1113 959 1209 stridorincredibili
980 1133 1110 1190 cuncta
1130 1117 1271 1218 fragore
1284 1117 1487 1217 complevit
1544 1102 1640 1191 lla-¹
1718 1185 1719 1206 ,

308 1271 379 1345 por
403 1243 596 1319 vulnerum
614 1239 835 1336 repentinam
851 1235 944 1310 coelo
962 1237 1134 1313 nebulam
1156 1239 1400 1331 intendebet2,
1426 1239 1505 1312 dies
1527 1239 1621 1312 cllu-

308 1393 347 1442 sa
370 1353 712 1463 telorum'grar'rdine
737 1359 935 1460 tegebatur.
1002 1366 1075 1435 Nec
1090 1387 1220 1461 parum
1242 1365 1280 1436 in
1304 1365 1380 1436 acie
1404 1361 1620 1436 funditorum
1718 1353 1719 1416 l

308 1513 421 1588 opera
436 1485 556 1561 valuit.
614 1487 659 1556 At
676 1482 741 1555 ubi
756 1483 829 1581 pila
845 1507 956 1557 manu
979 1501 1040 1559 aut
1058 1489 1241 1559 tormentis
1264 1509 1431 1575 excussa,
1467 1486 1620 1556 commi-

309 1636 378 1685 nus
401 1609 526 1710 gladiis
549 1607 761 1704 serratisque
782 1605 890 1680 clavis
907 1605 1128 1680 'decemituu
1197 1609 1293 1678 Tum
1315 1631 1403 1681 vero
1426 1605 1621 1705 plurimum

309 1736 493 1833 sanguinis
509 1729 746 1830 periclitatum
759 1744 827 1802 est.
876 1732 987 1826 igitur
1006 1728 1109 1803 fessis
1123 1749 1266 1803 manare
1282 1729 1394 1803 sudor
1408 1729 1621 1826 corporibus

309 1856 438 1954 coepit,
470 1879 762 1951 mucronumque
788 1849 1005 1949 crepitacula
1026 1853 1165 1926 eminus
1189 1852 1481 1926 exaudiebantur.
1552 1851 1622 1922 lllic

310 1977 573 2069 Starcatherus,
606 1977 671 2076 qui
696 1973 780 2049 belli
803 1971 914 2073 hujus
930 1974 1058 2047 seriem
1076 1997 1242 2046 sermone
1255 1977 1371 2074 patrio
1387 1981 1527 2074 primus
1541 1975 1621 2048 edi-

310 2099 370 2192 dit,
394 2105 496 2198 prior
511 2101 547 2172 in
566 2103 642 2174 acie
660 2097 834 2200 dimicans
867 2095 1012 2169 Haraldi
1028 2121 1196 2195 proceres
1222 2097 1326 2170 Hun³
1354 2113 1389 2170 et
1419 2097 1505 2190 Elli,
1534 2101 1622 2170 Hert

310 2247 354 2296 ac
377 2221 524 2320 Bnrgha
547 2249 570 2296 a
593 2247 634 2296 sc
659 2235 856 2320 prostratos
881 2219 1152 2317 abscissamque
1170 2221 1301 2292 Wisnae
1320 2217 1500 2292 dexteram
1516 2245 1620 2293 com-

310 2363 495 2419 memorat.
548 2349 725 2419 Cmterum
750 2346 827 2416 Roa
845 2340 1028 2441 quendam
1049 2367 1133 2412 cum
1153 2339 1299 2416 duobus
1320 2341 1409 2436 aliis,
1429 2343 1571 2442 Gnepia
1587 2359 1621 2414 et

310 2458 499 2562 Garthar⁴,
524 2493 547 2540 a
569 2494 609 2544 sc
631 2470 667 2540 iu
689 2471 763 2540 acie
789 2463 992 2539 vulneratos
1019 2463 1234 2538 occubuisse
1256 2462 1424 2536 declarat.
1493 2463 1621 2539 lisdem

310 2590 429 2662 Scallti
446 2582 586 2689 patrem
609 2591 715 2664 tacito
727 2589 871 2662 nomine
886 2586 1051 2685 applicat.
1122 2585 1221 2661 Idem
1243 2587 1477 2662 fortissimum
1493 2592 1620 2663 Dano-

309 2727 392 2786 rum
408 2716 594 2788 Haconem
611 2737 684 2787 ase
700 2719 882 2784 interram
900 2724 1109 2808 prorutum,
1142 2732 1255 2808 seque
1279 2708 1328 2782 ab
1353 2733 1398 2780 eo
1424 2710 1475 2782 ita
1495 2725 1619 2784 mutuo

310 2833 540 2909 vulneratum
554 2852 710 2924 testatur,
738 2850 776 2906 ut
794 2849 971 2906 exsertum
992 2831 1139 2904 thorace
1157 2831 1390 2931 pulmonem⁵
1419 2837 1618 2908 cervicem-

312 2981 385 3056 que
400 2955 627 3032 medioteuus
642 2962 799 3050 scissam,
824 2981 970 3030 manum
987 2979 1138 3052 quoque
1156 2977 1229 3026 uno
1246 2968 1407 3028 truncam
1424 2953 1539 3055 digito
1552 2981 1618 3055 gc·

295 3095 395 3152 'rens
415 3079 602 3154 excederet
628 3079 747 3169 bello,
770 3079 908 3178 diuque
934 3077 1071 3186 hiscens
1085 3074 1194 3176 plaga
1218 3101 1285 3149 nec
1307 3081 1481 3152 cicatricis
1511 3103 1617 3178 capax

308 3227 378 3274 nee
397 3201 548 3276 medelae
557 3201 685 3278 habilis
700 3201 889 3278 videretur.
941 3199 1081 3276 Eodem
1096 3215 1184 3275 teste
1200 3198 1322 3297 puella
1334 3199 1571 3302 Wegtbbiorg
1582 3203 1616 3274 iu

358 3500 367 3533 ¹
381 3501 540 3580 Antiquom
553 3498 672 3561 rediisse
685 3493 786 3578 choos]
802 3499 850 3559 De
865 3495 938 3558 heo·
1043 3499 1205 3558 ‘Eversum
1222 3495 1339 3588 thorace
1348 3494 1528 3584 pulmonem]
1538 3497 1616 3570 Star-

310 3619 346 3666 ce
360 3601 491 3686 imagine
503 3602 625 3687 poetica
641 3601 702 3666 rid.
717 3615 782 3666 not.
796 3602 881 3664 uber.
996 3601 1120 3666 catheco
1134 3600 1276 3664 sciliceta
1287 3599 1393 3665 l'boro
1407 3599 1510 3666 fuerat
1521 3602 1617 3686 injun-

166 3770 173 3783 ,
251 3729 254 3734 “
355 3711 487 3794 ’Vopor
497 3711 646 3770 vulnerum
663 3713 732 3771 coelo
745 3711 875 3771 nebulam
893 3713 940 3789 inp
993 3719 1134 3784 ctum,nt
1149 3707 1183 3768 itt
1197 3706 1305 3791 quovis
1319 3707 1428 3792 praelio
1449 3727 1543 3794 grave
1556 3707 1619 3771 rul-

309 3811 655 3890 tendebas]1ncredibus
671 3813 875 3877 describendis
890 3815 936 3875 lu·
989 3835 1049 3876 uus
1072 3813 1224 3896 acciperet
1245 3811 1320 3892 (rid.
1340 3813 1463 3876 initium
1484 3811 1619 3876 hutone

307 3918 744 4002 xnriantcarminapriscornm
752 3917 938 3981 Borealinm.
972 3989 973 3994 η
993 3919 1133 3984 Gdthrici
1146 3919 1236 4002 regis,
1252 3919 1396 3982 Fornald.
1410 3921 1483 4006 seg.
1499 3921 1561 3982 rol.
1582 3920 1621 3980 lll

174 4083 182 4100 ,
308 4028 449 4109 Magnam
463 4021 647 4109 farraginem
661 4025 848 4087 locutionum
860 4043 935 4108 poe·
991 4049 1021 4111 p.
1040 4021 1107 4104 33).
1155 4025 1311 4109 Sb'gnbrot
1336 4025 1459 4089 eosdem
1493 4025 1622 4110 pugiles,

306 4129 437 4194 ticerum
461 4130 523 4194 huc
548 4131 768 4215 pertinentium
798 4128 936 4193 continet
992 4130 1109 4193 omissis
1134 4133 1201 4192 Roa
1226 4142 1258 4202 et
1277 4131 1426 4214 Gartbar,
1457 4153 1474 4195 a
1501 4135 1622 4196 Staret·

308 4251 428 4328 carmen
443 4235 780 4317 HriltumalOEornald.
793 4237 863 4319 sog.
876 4235 937 4299 rol.
991 4235 1082 4298 thero
1105 4223 1237 4314 occisos,
1269 4235 1423 4302 dexteram
1439 4239 1543 4306 Visne·
1569 4235 1621 4298 ab·

304 4343 320 4404 l
337 4365 368 4426 p.
385 4339 449 4404 300
463 4341 560 4428 sequ.)
994 4341 1114 4404 scissam
1124 4353 1155 4403 et
1168 4343 1344 4425 gravissima
1358 4342 1545 4409 Starcatheri
1555 4341 1620 4404 rul-

353 4445 463 4529 ³Hun]
486 4447 555 4517 Vid.
576 4469 666 4533 supra
693 4459 757 4512 not.
773 4445 811 4510 ad
827 4467 935 4512 rocem
994 4467 1066 4509 nera
1082 4461 1300 4511 commemorat
1316 4447 1362 4535 (p.
1371 4447 1458 4532 385)
1475 4447 1618 4511 Sltalltum

306 4555 476 4616 Hunsolrs.
993 4565 1083 4616 vocat
1099 4551 1220 4616 Saeltall'
1240 4566 1273 4626 ot
1290 4575 1401 4618 nomen
1423 4555 1518 4642 patris
1537 4550 1609 4617 Brni

353 4656 622 4736 ⁴Gantar111aud
638 4657 727 4722 dubie
738 4659 828 4750 idem,
843 4683 933 4748 quem
993 4657 1087 4724 addit.

232 4784 236 4792 ¹
308 4777 396 4829 mter
413 4765 609 4850 Salgsrthum
625 4781 795 4832 vocaverat.
