3446 5458
364 307 437 382 204
710 313 883 382 ttts't'ott.
901 315 1006 382 DAN.
1023 311 1160 382 Lttttztt
1182 315 1219 382 V.

315 521 466 592 lintrem.
520 523 644 593 Erieus
663 521 782 618 itaque
799 522 998 610 semifusutt,
1025 521 1162 595 nudum
1179 521 1313 596 habere
1331 541 1470 622 tergum
1488 523 1606 596 irater-

314 645 424 746 nitatis
453 645 629 740 inopem¹,
653 641 834 715 referebat.
897 649 1061 741 Cumque
1086 649 1253 718 Gomara
1276 645 1356 716 talia
1377 651 1448 744 regi
1466 647 1606 742 permit—

314 765 415 836 tenda
432 783 582 866 negaret,
608 765 665 837 ille
680 764 872 842 stoliditatis
890 767 1045 866 legatum
1062 767 1289 858 daumabat2,
1315 769 1412 865 apud
1428 792 1535 864 quern
1555 773 1606 838 in·-

313 887 481 964 sidiarum
500 887 633 962 cautela
652 911 722 960 non
738 907 835 964 esset.
902 894 1026 990 ltaque
1048 890 1190 964 ludibrii
1216 891 1474 996 exeusationem
1491 889 1607 961 ludili-

314 1012 379 1082 eati
399 1012 566 1082 incuriam
589 1011 677 1084 l'eeit.
1374 1099 1377 1106 Ι

442 1131 596 1206 Ardebat
614 1137 701 1206 intra
725 1132 838 1204 eedem
862 1137 949 1234 ignis
977 1136 1090 1210 vultui
1116 1141 1282 1236 temporis
1306 1135 1404 1210 haud
1430 1133 1607 1208 indebitus.

313 1256 455 1352 Quippe
469 1257 544 1354 jam
558 1254 715 1328 medium
735 1257 869 1356 hyemis
886 1257 1043 1334 lluxerat.
1101 1261 1191 1334 Huic
1206 1259 1375 1332 distinctis
1391 1254 1608 1330 consessibus

311 1375 392 1448 hine
406 1403 476 1465 rex,
501 1376 583 1450 inde
599 1379 738 1478 pugiles
758 1379 932 1454 assedere.
1009 1384 1089 1474 Qui,
1113 1381 1310 1480 applicante
1332 1407 1369 1452 se
1400 1383 1481 1476 ipsis
1502 1379 1608 1462 Erieu

310 1499 520 1572 ululantium
535 1525 632 1572 more
648 1497 849 1576 horrisonas
865 1502 994 1576 dedere
1012 1531 1125 1578 rores.
1177 1506 1249 1576 llex
1265 1505 1447 1600 strepitum
1461 1500 1616 1572 tattheu-

311 1624 433 1722 eoepit,
470 1621 614 1714 docens,
632 1647 701 1694 non
717 1621 848 1694 debere
869 1626 1073 1721 pectoribus
1089 1626 1253 1700 luuuanis
1270 1627 1398 1698 ferinos
1414 1627 1528 1696 inesse.
1550 1645 1606 1694 so-

312 1770 385 1816 nos.
439 1744 627 1842 Subjunxit
643 1745 776 1833 llrieuS,
803 1770 932 1820 canum
954 1748 1048 1822 lione
1065 1773 1140 1822 esse
1156 1773 1308 1833 morem,
1344 1765 1381 1822 nt
1397 1774 1469 1821 uno
1487 1743 1607 1816 inclm-

311 1883 390 1940 unte
414 1864 703 1940 emeritanam
730 1867 871 1958 edant³,
899 1868 1005 1966 ¹quod
1020 1857 1202 1967 propriam
1219 1873 1336 1942 cuncti
1358 1869 1517 1942 moribus
1536 1867 1605 1937 ori-

310 1990 425 2087 ginem
441 1986 604 2088 prodant,
629 2015 671 2062 ae
696 2015 802 2064 suum
824 1998 980 2088 quisque
1009 2017 1122 2090 genus
1149 1992 1307 2066 fateatur.
1380 1995 1607 2090 Interrogatus

311 2128 427 2184 anatem
451 2136 472 2182 a
492 2109 640 2198 Colone,
682 2116 743 2210 qui
779 2103 977 2186 delatdrnm
1001 2115 1074 2214 regi
1100 2142 1285 2190 munerum
1308 2133 1426 2190 custos
1452 2129 1545 2200 erat,
1570 2137 1606 2180 tto

311 2233 385 2308 ulla
403 2259 524 2310 secum
542 2231 637 2306 dona
656 2235 821 2326 rexisset,
847 2236 1008 2334 glaciem,
1034 2263 1143 2335 qnam
1157 2243 1236 2314 sinu
1256 2238 1500 2341 occultaverat,
1521 2261 1607 2332 ptu-

312 2362 381 2428 mit.
443 2361 558 2449 Quom
577 2381 656 2430 eum
682 2355 730 2430 illi
751 2375 844 2432 trans
873 2358 1031 2432 loculum
1056 2365 1282 2456 porrexisset,
1315 2379 1485 2459 tanquam
1507 2379 1606 2430 ruauu

312 2481 502 2578 recipientis
520 2478 675 2578 elapsam
687 2479 836 2556 llamntis
855 2481 900 2552 de
914 2481 1081 2556 industria
1097 2482 1243 2556 tradidit.
1277 2485 1428 2571 (turreis,
1444 2483 1505 2578 qui
1521 2476 1604 2550 ade-

310 2619 399 2692 rant,
433 2607 665 2700 conspicuum
682 2606 793 2678 nitore
813 2605 964 2678 liustum
986 2605 1226 2704 verrentibus,
1258 2609 1370 2678 risum
1396 2619 1449 2676 est
1473 2603 1541 2702 igni
1563 2599 1605 2670 li-

309 2725 460 2826 quidum
475 2725 635 2800 incidisse
651 2727 840 2800 metallum.
912 2726 1020 2820 Quod
1043 2755 1124 2800 cnm
1139 2731 1261 2804 luteus
1277 2729 1465 2826 receptorio
1483 2727 1604 2796 incuria

309 2873 494 2924 «excussum
511 2873 586 2920 esse
604 2849 844 2940 contenderet,
887 2850 975 2948 quid
994 2848 1156 2946 supplicii
1179 2855 1332 2924 rnuneris
1362 2850 1518 2922 arnissori
1541 2843 1604 2916 de-

304 2974 445 3062 beatm,
466 2971 618 3068 inquirit.
673 2974 747 3044 Rex
765 2974 893 3071 reginae
910 2973 1113 3046 sententiam
1137 2973 1295 3044 consulit.
1359 2977 1448 3066 Quae
1465 2969 1605 3044 suadere

310 3096 432 3191 coepit,
457 3118 501 3162 ne
518 3095 594 3190 ipse
613 3092 698 3190 legis
714 3119 735 3165 a
752 3119 791 3168 se
811 3094 888 3166 latae
908 3111 1074 3168 statatum
1098 3095 1264 3186 solveret,
1289 3120 1361 3192 qua
1383 3094 1602 3168 tmusnrisso-

309 3245 388 3291 rum
405 3216 470 3292 sibi
490 3241 675 3289 mmrerum
698 3217 890 3314 perditores
920 3233 1031 3294 morte
1057 3217 1277 3290 nutlctandos
1304 3219 1461 3290 cavisset.
1527 3218 1603 3284 tla-

310 3342 371 3414 teri
401 3363 546 3440 qnoque
568 3337 739 3414 decretam
768 3339 846 3438 lege
881 3367 1026 3438 pruriant
1056 3339 1296 3414 remittendam
1327 3365 1403 3414 esse
1422 3339 1602 3438 ,rugabant
1702 3315 1703 3340 ³

270 3681 272 3686 ,
355 3634 496 3696 'Nudum
511 3633 614 3696 laudere
628 3637 930 3720 tergorusraterra'ta·
991 3635 1022 3696 in
1041 3631 1128 3696 initio
1153 3631 1294 3696 carminis
1317 3629 1464 3696 llaramril
1478 3631 1519 3692 ita
1538 3623 1602 3708 legi-

307 3747 347 3806 τὺ
372 3735 497 3826 inopem]
518 3738 672 3800 Habemus
701 3739 752 3800 hic
780 3752 931 3804 vetustum
992 3761 1056 3802 mus
1074 3759 1259 3822 expressam:

307 3845 447 3932 adagium
466 3843 623 3919 Damnum,
644 3843 725 3928 quod
753 3845 795 3908 ita
810 3865 930 3931 expres·
1114 3847 1215 3908 Go'ttir
1232 3850 1309 3910 aller

201 3979 205 3986 ·
306 3953 347 4016 ait
366 3955 477 4014 Petrus
501 3951 592 4012 Isaalc
612 3953 667 4012 No.
698 3947 774 4011 393:
811 3957 874 4014 Bar
896 3971 930 4014 cr
1112 3953 1178 4033 Adr
1189 3957 1287 4036 georgi
1296 3947 1383 4036 from

305 4056 465 4122 broderlos
478 4053 579 4132 bland,
598 4053 704 4116 melius
726 4075 797 4117 vcro
817 4059 928 4118 Petrus
1114 4059 1169 4122 lan
1182 4060 1301 4120 skodast
1318 4059 1394 4140 slylt'
1407 4063 1425 4120 ι’.
1436 4081 1458 4118 e.

307 4164 468 4249 Septimius
488 4159 530 4223 ita
553 4157 686 4222 reddidit
702 4161 752 4222 vol
778 4165 840 4246 lp.
852 4159 929 4224 398:
1114 4163 1202 4226 Ostia
1225 4179 1303 4235 tota,

307 4275 369 4336 Bet·
381 4289 414 4332 et·
424 4267 584 4332 broderliis
597 4271 671 4351 Bag.
692 4265 814 4329 {dandis
826 4265 928 4346 hujus·
1036 4321 1046 4348 *
1112 4273 1274 4353 Antequam
1282 4271 1425 4356 procedat
1448 4267 1566 4336 aduena,

307 4373 390 4440 modi
405 4387 467 4438 eat:
485 4379 547 4437 Ber
558 4385 589 4436 et
603 4368 721 4436 hverrai
736 4371 822 4451 bald,
843 4392 929 4435 nemo
1112 4379 1188 4438 Sunt
1196 4376 1421 4463 perscrutando.

307 4475 402 4558 hrode
415 4481 474 4566 eigi
489 4477 610 4559 (Gretla
630 4498 695 4564 cap.
710 4475 774 4563 88.)
1037 4485 1050 4518 ³
1063 4481 1172 4546 Canum
1187 4507 1248 4544 esse
1262 4505 1367 4542 morem
1389 4497 1421 4541 ut
1443 4501 1499 4538 rano
1514 4473 1598 4537 inelo-
1701 4503 1702 4515 π

951 4646 955 4658 ,
989 4607 1056 4652 aute
1078 4589 1329 4652 carentanorum
1349 4584 1451 4662 edunt]
1472 4587 1599 4663 Resposs·

352 4691 680 4774 ²Seolidieau'stcgamm
690 4693 860 4774 dartutudat]
870 4695 929 4756 Hie
988 4694 1061 4756 dent
1076 4691 1240 4778 proverbio
1254 4693 1335 4756 inter·
1348 4713 1404 4756 nos
1418 4689 1508 4755 tritot
1528 4691 1598 4749 Naar

294 4787 434 4861 ‘sortasse
447 4796 608 4878 respicitur
625 4796 659 4858 ad
670 4819 821 4879 guonem,
836 4821 926 4883 quarn
987 4819 1040 4864 een
1056 4801 1149 4863 llnud
1162 4798 1260 4877 tuder,
1278 4798 1350 4864 tude
1368 4797 1407 4862 de
1422 4795 1514 4862 andro
1528 4789 1597 4855 ratd-
