<?xml version="1.0" encoding="UTF-8"?>
<!DOCTYPE html PUBLIC "-//W3C//DTD XHTML 1.0 Transitional//EN"
    "http://www.w3.org/TR/xhtml1/DTD/xhtml1-transitional.dtd">
<html xmlns="http://www.w3.org/1999/xhtml" xml:lang="en" lang="en">
 <head>
  <title>
</title>
<meta http-equiv="Content-Type" content="text/html;charset=utf-8" />
  <meta name='ocr-system' content='tesseract 3.04.00' />
  <meta name='ocr-capabilities' content='ocr_page ocr_carea ocr_par ocr_line ocrx_word'/>
</head>
<body>
  <div class='ocr_page' id='page_1' title='image "./historiadanica00velsgoog_0475.png"; bbox 0 0 3476 5460; ppageno 0'>
   <div class='ocr_carea' id='block_1_1' title="bbox 362 283 1699 3653">
    <p class='ocr_par' dir='ltr' id='par_1_1' title="bbox 362 283 1699 2892">
     <span class='ocr_line' id='line_1_1' title="bbox 408 283 1267 368; baseline 0.001 -11"><span class='ocrx_word' id='word_1_1' title='bbox 408 283 484 368; x_wconf 65' lang='lat' dir='ltr'>tio-:l</span> <span class='ocrx_word' id='word_1_2' title='bbox 745 287 920 358; x_wconf 86' lang='lat' dir='ltr'>HISTOR.</span> <span class='ocrx_word' id='word_1_3' title='bbox 936 287 1041 360; x_wconf 75' lang='lat' dir='ltr'>Das.</span> <span class='ocrx_word' id='word_1_4' title='bbox 1056 287 1193 358; x_wconf 75' lang='lat' dir='ltr'>leEll</span> <span class='ocrx_word' id='word_1_5' title='bbox 1209 289 1267 358; x_wconf 88' lang='lat' dir='ltr'>tx.</span> 
     </span>
     <span class='ocr_line' id='line_1_2' title="bbox 362 479 1699 599; baseline 0.001 -31"><span class='ocrx_word' id='word_1_6' title='bbox 362 497 518 592; x_wconf 81' lang='lat' dir='ltr'>xiurique</span> <span class='ocrx_word' id='word_1_7' title='bbox 534 520 577 570; x_wconf 84' lang='lat' dir='ltr'>ac</span> <span class='ocrx_word' id='word_1_8' title='bbox 596 497 809 570; x_wconf 75' lang='lat' dir='ltr'>serenissimi</span> <span class='ocrx_word' id='word_1_9' title='bbox 834 493 937 570; x_wconf 88' lang='lat' dir='ltr'>ducis</span> <span class='ocrx_word' id='word_1_10' title='bbox 952 498 1104 596; x_wconf 79' lang='lat' dir='ltr'>insignes</span> <span class='ocrx_word' id='word_1_11' title='bbox 1125 497 1249 594; x_wconf 89' lang='lat' dir='ltr'>copias</span> <span class='ocrx_word' id='word_1_12' title='bbox 1272 495 1479 574; x_wconf 80' lang='lat' dir='ltr'>excellenter</span> <span class='ocrx_word' id='word_1_13' title='bbox 1491 497 1627 599; x_wconf 82' lang='lat' dir='ltr'>obtrire-</span> <span class='ocrx_word' id='word_1_14' title='bbox 1698 479 1699 504; x_wconf 49' lang='lat'>¹</span> 
     </span>
     <span class='ocr_line' id='line_1_3' title="bbox 363 615 1628 718; baseline 0.002 -28"><span class='ocrx_word' id='word_1_15' title='bbox 363 633 428 708; x_wconf 88' lang='lat' dir='ltr'>rat,</span> <span class='ocrx_word' id='word_1_16' title='bbox 442 623 587 716; x_wconf 85' lang='lat' dir='ltr'>agrestis</span> <span class='ocrx_word' id='word_1_17' title='bbox 611 635 645 690; x_wconf 92' lang='lat' dir='ltr'>et</span> <span class='ocrx_word' id='word_1_18' title='bbox 664 615 828 716; x_wconf 86' lang='lat' dir='ltr'>ignobilis</span> <span class='ocrx_word' id='word_1_19' title='bbox 846 616 942 718; x_wconf 86' lang='lat' dir='ltr'>vulgi</span> <span class='ocrx_word' id='word_1_20' title='bbox 967 616 1209 692; x_wconf 85' lang='lat' dir='ltr'>sordidissimo</span> <span class='ocrx_word' id='word_1_21' title='bbox 1230 634 1339 716; x_wconf 87' lang='lat' dir='ltr'>atque</span> <span class='ocrx_word' id='word_1_22' title='bbox 1360 621 1552 694; x_wconf 85' lang='lat' dir='ltr'>tenuissimo</span> <span class='ocrx_word' id='word_1_23' title='bbox 1571 645 1628 718; x_wconf 81' lang='lat' dir='ltr'>ap·</span> 
     </span>
     <span class='ocr_line' id='line_1_4' title="bbox 363 737 1631 838; baseline 0.003 -26"><span class='ocrx_word' id='word_1_24' title='bbox 363 744 503 838; x_wconf 88' lang='lat' dir='ltr'>paratui</span> <span class='ocrx_word' id='word_1_25' title='bbox 524 745 643 832; x_wconf 85' lang='lat' dir='ltr'><strong>cessit,</strong></span> <span class='ocrx_word' id='word_1_26' title='bbox 676 742 795 836; x_wconf 89' lang='lat' dir='ltr'>isque,</span> <span class='ocrx_word' id='word_1_27' title='bbox 819 738 923 834; x_wconf 91' lang='lat' dir='ltr'>cujus</span> <span class='ocrx_word' id='word_1_28' title='bbox 944 737 1107 815; x_wconf 84' lang='lat' dir='ltr'>bellicam</span> <span class='ocrx_word' id='word_1_29' title='bbox 1129 756 1231 812; x_wconf 82' lang='lat' dir='ltr'>antea</span> <span class='ocrx_word' id='word_1_30' title='bbox 1253 739 1443 814; x_wconf 73' lang='lat' dir='ltr'><strong>claritatem</strong></span> <span class='ocrx_word' id='word_1_31' title='bbox 1465 741 1631 817; x_wconf 70' lang='lat' dir='ltr'>lammina</span> 
     </span>
     <span class='ocr_line' id='line_1_5' title="bbox 365 859 1631 962; baseline -0.002 -28"><span class='ocrx_word' id='word_1_32' title='bbox 365 867 477 960; x_wconf 88' lang='lat' dir='ltr'>gentis</span> <span class='ocrx_word' id='word_1_33' title='bbox 498 864 550 936; x_wconf 85' lang='lat' dir='ltr'>vis</span> <span class='ocrx_word' id='word_1_34' title='bbox 565 861 735 936; x_wconf 79' lang='lat' dir='ltr'>hebetare</span> <span class='ocrx_word' id='word_1_35' title='bbox 753 861 973 958; x_wconf 82' lang='lat' dir='ltr'>nequiverat,</span> <span class='ocrx_word' id='word_1_36' title='bbox 990 859 1219 960; x_wconf 88' lang='lat' dir='ltr'>despicabilis</span> <span class='ocrx_word' id='word_1_37' title='bbox 1235 861 1360 962; x_wconf 85' lang='lat' dir='ltr'>populi</span> <span class='ocrx_word' id='word_1_38' title='bbox 1376 861 1552 962; x_wconf 80' lang='lat' dir='ltr'>parvulam</span> <span class='ocrx_word' id='word_1_39' title='bbox 1567 887 1631 934; x_wconf 83' lang='lat' dir='ltr'>ua-</span> 
     </span>
     <span class='ocr_line' id='line_1_6' title="bbox 366 983 1632 1084; baseline 0.002 -30"><span class='ocrx_word' id='word_1_40' title='bbox 366 1008 451 1057; x_wconf 89' lang='lat' dir='ltr'>num</span> <span class='ocrx_word' id='word_1_41' title='bbox 469 985 638 1058; x_wconf 87' lang='lat' dir='ltr'>sustinere</span> <span class='ocrx_word' id='word_1_42' title='bbox 653 1009 725 1056; x_wconf 92' lang='lat' dir='ltr'>non</span> <span class='ocrx_word' id='word_1_43' title='bbox 745 983 866 1058; x_wconf 81' lang='lat' dir='ltr'>valuit</span> <span class='ocrx_word' id='word_1_44' title='bbox 934 987 1015 1078; x_wconf 91' lang='lat' dir='ltr'>Quo</span> <span class='ocrx_word' id='word_1_45' title='bbox 1033 986 1166 1076; x_wconf 82' lang='lat' dir='ltr'>everrit,</span> <span class='ocrx_word' id='word_1_46' title='bbox 1192 1001 1233 1058; x_wconf 91' lang='lat' dir='ltr'>ut</span> <span class='ocrx_word' id='word_1_47' title='bbox 1253 1010 1294 1058; x_wconf 87' lang='lat' dir='ltr'>ea</span> <span class='ocrx_word' id='word_1_48' title='bbox 1312 1011 1430 1078; x_wconf 85' lang='lat' dir='ltr'>mauu,</span> <span class='ocrx_word' id='word_1_49' title='bbox 1446 1008 1515 1084; x_wconf 90' lang='lat' dir='ltr'>qua</span> <span class='ocrx_word' id='word_1_50' title='bbox 1530 983 1632 1058; x_wconf 87' lang='lat' dir='ltr'>claris·</span> 
     </span>
     <span class='ocr_line' id='line_1_7' title="bbox 366 1106 1631 1204; baseline -0.002 -21"><span class='ocrx_word' id='word_1_51' title='bbox 366 1118 492 1183; x_wconf 90' lang='lat' dir='ltr'>simam</span> <span class='ocrx_word' id='word_1_52' title='bbox 517 1107 614 1182; x_wconf 89' lang='lat' dir='ltr'>orbis</span> <span class='ocrx_word' id='word_1_53' title='bbox 639 1131 810 1204; x_wconf 85' lang='lat' dir='ltr'><strong>pompam</strong></span> <span class='ocrx_word' id='word_1_54' title='bbox 843 1131 886 1181; x_wconf 85' lang='lat' dir='ltr'>ac</span> <span class='ocrx_word' id='word_1_55' title='bbox 912 1111 1160 1204; x_wconf 83' lang='lat' dir='ltr'>gravissimum</span> <span class='ocrx_word' id='word_1_56' title='bbox 1185 1106 1341 1181; x_wconf 88' lang='lat' dir='ltr'>militaris</span> <span class='ocrx_word' id='word_1_57' title='bbox 1365 1107 1503 1182; x_wconf 90' lang='lat' dir='ltr'>roboris</span> <span class='ocrx_word' id='word_1_58' title='bbox 1524 1115 1631 1186; x_wconf 82' lang='lat' dir='ltr'>instru-</span> 
     </span>
     <span class='ocr_line' id='line_1_8' title="bbox 366 1227 1632 1326; baseline 0.001 -24"><span class='ocrx_word' id='word_1_59' title='bbox 366 1247 524 1303; x_wconf 91' lang='lat' dir='ltr'>mentum</span> <span class='ocrx_word' id='word_1_60' title='bbox 539 1229 727 1304; x_wconf 82' lang='lat' dir='ltr'>fortissime</span> <span class='ocrx_word' id='word_1_61' title='bbox 742 1227 911 1320; x_wconf 85' lang='lat' dir='ltr'>contudit,</span> <span class='ocrx_word' id='word_1_62' title='bbox 935 1230 1008 1326; x_wconf 82' lang='lat' dir='ltr'>qt&#39;ta</span> <span class='ocrx_word' id='word_1_63' title='bbox 1023 1245 1075 1304; x_wconf 88' lang='lat' dir='ltr'>tot</span> <span class='ocrx_word' id='word_1_64' title='bbox 1092 1227 1262 1326; x_wconf 88' lang='lat' dir='ltr'>peditum,</span> <span class='ocrx_word' id='word_1_65' title='bbox 1286 1246 1338 1304; x_wconf 90' lang='lat' dir='ltr'>tot</span> <span class='ocrx_word' id='word_1_66' title='bbox 1352 1246 1550 1322; x_wconf 82' lang='lat' dir='ltr'>castrorum,</span> <span class='ocrx_word' id='word_1_67' title='bbox 1572 1237 1632 1304; x_wconf 87' lang='lat' dir='ltr'>tanti</span> 
     </span>
     <span class='ocr_line' id='line_1_9' title="bbox 366 1350 1632 1452; baseline 0 -26"><span class='ocrx_word' id='word_1_68' title='bbox 366 1358 546 1452; x_wconf 81' lang='lat' dir='ltr'>equitatus</span> <span class='ocrx_word' id='word_1_69' title='bbox 564 1353 742 1452; x_wconf 79' lang='lat' dir='ltr'>fragorem</span> <span class='ocrx_word' id='word_1_70' title='bbox 758 1354 979 1448; x_wconf 81' lang='lat' dir='ltr'>apertissime</span> <span class='ocrx_word' id='word_1_71' title='bbox 994 1350 1154 1441; x_wconf 79' lang='lat' dir='ltr'>subruit,</span> <span class='ocrx_word' id='word_1_72' title='bbox 1179 1350 1284 1438; x_wconf 81' lang='lat' dir='ltr'>rilem</span> <span class='ocrx_word' id='word_1_73' title='bbox 1300 1351 1557 1452; x_wconf 85' lang='lat' dir='ltr'>obscuramque</span> <span class='ocrx_word' id='word_1_74' title='bbox 1570 1353 1632 1451; x_wconf 88' lang='lat' dir='ltr'>ple·</span> 
     </span>
     <span class='ocr_line' id='line_1_10' title="bbox 367 1473 1632 1570; baseline 0.003 -23"><span class='ocrx_word' id='word_1_75' title='bbox 367 1473 534 1548; x_wconf 89' lang='lat' dir='ltr'>beculam</span> <span class='ocrx_word' id='word_1_76' title='bbox 559 1473 679 1548; x_wconf 81' lang='lat' dir='ltr'>furtim</span> <span class='ocrx_word' id='word_1_77' title='bbox 702 1488 737 1544; x_wconf 92' lang='lat' dir='ltr'>et</span> <span class='ocrx_word' id='word_1_78' title='bbox 754 1473 856 1569; x_wconf 90' lang='lat' dir='ltr'>quasi</span> <span class='ocrx_word' id='word_1_79' title='bbox 871 1497 938 1570; x_wconf 90' lang='lat' dir='ltr'>per</span> <span class='ocrx_word' id='word_1_80' title='bbox 961 1474 1185 1547; x_wconf 81' lang='lat' dir='ltr'>latrocinium</span> <span class='ocrx_word' id='word_1_81' title='bbox 1209 1475 1383 1556; x_wconf 82' lang='lat' dir='ltr'>incessere</span> <span class='ocrx_word' id='word_1_82' title='bbox 1398 1481 1581 1568; x_wconf 82' lang='lat' dir='ltr'>sustineret,</span> <span class='ocrx_word' id='word_1_83' title='bbox 1598 1474 1632 1550; x_wconf 91' lang='lat' dir='ltr'>il·</span> 
     </span>
     <span class='ocr_line' id='line_1_11' title="bbox 366 1593 1632 1696; baseline 0.001 -29"><span class='ocrx_word' id='word_1_84' title='bbox 366 1593 587 1694; x_wconf 89' lang='lat' dir='ltr'>lustremque</span> <span class='ocrx_word' id='word_1_85' title='bbox 606 1595 756 1696; x_wconf 90' lang='lat' dir='ltr'>gloriam</span> <span class='ocrx_word' id='word_1_86' title='bbox 770 1619 885 1686; x_wconf 89' lang='lat' dir='ltr'>suam,</span> <span class='ocrx_word' id='word_1_87' title='bbox 898 1593 1018 1692; x_wconf 86' lang='lat' dir='ltr'>palam</span> <span class='ocrx_word' id='word_1_88' title='bbox 1034 1612 1142 1693; x_wconf 89' lang='lat' dir='ltr'>atque</span> <span class='ocrx_word' id='word_1_89' title='bbox 1157 1593 1306 1668; x_wconf 80' lang='lat' dir='ltr'>interdiu</span> <span class='ocrx_word' id='word_1_90' title='bbox 1327 1614 1476 1694; x_wconf 86' lang='lat' dir='ltr'>partam,</span> <span class='ocrx_word' id='word_1_91' title='bbox 1496 1613 1632 1670; x_wconf 82' lang='lat' dir='ltr'>noemma</span> 
     </span>
     <span class='ocr_line' id='line_1_12' title="bbox 367 1715 1633 1812; baseline -0.001 -21"><span class='ocrx_word' id='word_1_92' title='bbox 367 1717 527 1812; x_wconf 82' lang='lat' dir='ltr'>fallacia¹</span> <span class='ocrx_word' id='word_1_93' title='bbox 558 1715 741 1790; x_wconf 87' lang='lat' dir='ltr'>maculare</span> <span class='ocrx_word' id='word_1_94' title='bbox 760 1741 831 1788; x_wconf 89' lang='lat' dir='ltr'>non</span> <span class='ocrx_word' id='word_1_95' title='bbox 856 1717 1099 1808; x_wconf 85' lang='lat' dir='ltr'>erubesceret,</span> <span class='ocrx_word' id='word_1_96' title='bbox 1132 1717 1325 1791; x_wconf 82' lang='lat' dir='ltr'>manifestae</span> <span class='ocrx_word' id='word_1_97' title='bbox 1354 1717 1555 1794; x_wconf 80' lang='lat' dir='ltr'>fortitudinis</span> <span class='ocrx_word' id='word_1_98' title='bbox 1575 1718 1633 1790; x_wconf 86' lang='lat' dir='ltr'>loco</span> 
     </span>
     <span class='ocr_line' id='line_1_13' title="bbox 368 1836 1633 1940; baseline -0.002 -28"><span class='ocrx_word' id='word_1_99' title='bbox 368 1839 604 1914; x_wconf 85' lang='lat' dir='ltr'>clandestinas</span> <span class='ocrx_word' id='word_1_100' title='bbox 627 1836 847 1935; x_wconf 82' lang='lat' dir='ltr'>amplexatus</span> <span class='ocrx_word' id='word_1_101' title='bbox 868 1838 1022 1914; x_wconf 85' lang='lat' dir='ltr'>insidias.</span> <span class='ocrx_word' id='word_1_102' title='bbox 1096 1841 1184 1932; x_wconf 79' lang='lat' dir='ltr'>Quae</span> <span class='ocrx_word' id='word_1_103' title='bbox 1209 1865 1267 1916; x_wconf 87' lang='lat' dir='ltr'>res</span> <span class='ocrx_word' id='word_1_104' title='bbox 1304 1857 1340 1914; x_wconf 87' lang='lat' dir='ltr'>ut</span> <span class='ocrx_word' id='word_1_105' title='bbox 1363 1867 1475 1940; x_wconf 86' lang='lat' dir='ltr'>opere</span> <span class='ocrx_word' id='word_1_106' title='bbox 1489 1839 1633 1928; x_wconf 87' lang='lat' dir='ltr'>deiormis,</span> 
     </span>
     <span class='ocr_line' id='line_1_14' title="bbox 368 1959 1632 2062; baseline 0.003 -30"><span class='ocrx_word' id='word_1_107' title='bbox 368 1965 414 2034; x_wconf 87' lang='lat' dir='ltr'>ita</span> <span class='ocrx_word' id='word_1_108' title='bbox 429 1965 524 2044; x_wconf 78' lang='lat' dir='ltr'>exitu</span> <span class='ocrx_word' id='word_1_109' title='bbox 539 1960 631 2039; x_wconf 87' lang='lat' dir='ltr'>utilis</span> <span class='ocrx_word' id='word_1_110' title='bbox 655 1961 728 2035; x_wconf 84' lang='lat' dir='ltr'>fuit</span> <span class='ocrx_word' id='word_1_111' title='bbox 762 1963 835 2034; x_wconf 85' lang='lat' dir='ltr'>Nec</span> <span class='ocrx_word' id='word_1_112' title='bbox 849 1963 1045 2036; x_wconf 89' lang='lat' dir='ltr'>Fiunorum</span> <span class='ocrx_word' id='word_1_113' title='bbox 1061 1985 1170 2060; x_wconf 90' lang='lat' dir='ltr'>quam</span> <span class='ocrx_word' id='word_1_114' title='bbox 1192 1959 1306 2036; x_wconf 88' lang='lat' dir='ltr'>Caroli</span> <span class='ocrx_word' id='word_1_115' title='bbox 1326 1961 1413 2062; x_wconf 86' lang='lat' dir='ltr'>fuga</span> <span class='ocrx_word' id='word_1_116' title='bbox 1427 1969 1632 2061; x_wconf 85' lang='lat' dir='ltr'>parciusgra-</span> 
     </span>
     <span class='ocr_line' id='line_1_15' title="bbox 369 2081 1632 2182; baseline -0.001 -25"><span class='ocrx_word' id='word_1_117' title='bbox 369 2082 499 2157; x_wconf 87' lang='lat' dir='ltr'>tulatus</span> <span class='ocrx_word' id='word_1_118' title='bbox 518 2099 580 2174; x_wconf 90' lang='lat' dir='ltr'>est,</span> <span class='ocrx_word' id='word_1_119' title='bbox 605 2083 687 2181; x_wconf 88' lang='lat' dir='ltr'>plus</span> <span class='ocrx_word' id='word_1_120' title='bbox 718 2108 757 2158; x_wconf 88' lang='lat' dir='ltr'>se</span> <span class='ocrx_word' id='word_1_121' title='bbox 781 2085 908 2159; x_wconf 87' lang='lat' dir='ltr'>virium</span> <span class='ocrx_word' id='word_1_122' title='bbox 933 2092 967 2156; x_wconf 90' lang='lat' dir='ltr'>iu</span> <span class='ocrx_word' id='word_1_123' title='bbox 988 2083 1182 2166; x_wconf 80' lang='lat' dir='ltr'>nudissima</span> <span class='ocrx_word' id='word_1_124' title='bbox 1208 2081 1317 2182; x_wconf 88' lang='lat' dir='ltr'>plebe</span> <span class='ocrx_word' id='word_1_125' title='bbox 1341 2111 1454 2182; x_wconf 88' lang='lat' dir='ltr'>quam</span> <span class='ocrx_word' id='word_1_126' title='bbox 1479 2087 1512 2158; x_wconf 87' lang='lat' dir='ltr'>iu</span> <span class='ocrx_word' id='word_1_127' title='bbox 1532 2089 1632 2158; x_wconf 87' lang='lat' dir='ltr'>instru-</span> 
     </span>
     <span class='ocr_line' id='line_1_16' title="bbox 368 2204 1632 2306; baseline -0.004 -28"><span class='ocrx_word' id='word_1_128' title='bbox 368 2209 524 2278; x_wconf 85' lang='lat' dir='ltr'>ctissimo</span> <span class='ocrx_word' id='word_1_129' title='bbox 545 2205 653 2278; x_wconf 89' lang='lat' dir='ltr'>milite</span> <span class='ocrx_word' id='word_1_130' title='bbox 677 2207 851 2303; x_wconf 89' lang='lat' dir='ltr'>reperisse</span> <span class='ocrx_word' id='word_1_131' title='bbox 881 2207 1085 2300; x_wconf 83' lang='lat' dir='ltr'>consessus;</span> <span class='ocrx_word' id='word_1_132' title='bbox 1116 2204 1292 2304; x_wconf 89' lang='lat' dir='ltr'>siquidem</span> <span class='ocrx_word' id='word_1_133' title='bbox 1321 2211 1556 2306; x_wconf 83' lang='lat' dir='ltr'>gravissimam</span> <span class='ocrx_word' id='word_1_134' title='bbox 1577 2207 1632 2274; x_wconf 86' lang='lat' dir='ltr'>lio-</span> 
     </span>
     <span class='ocr_line' id='line_1_17' title="bbox 370 2327 1631 2427; baseline -0.003 -25"><span class='ocrx_word' id='word_1_135' title='bbox 370 2352 559 2402; x_wconf 87' lang='lat' dir='ltr'>manorum</span> <span class='ocrx_word' id='word_1_136' title='bbox 575 2345 791 2402; x_wconf 85' lang='lat' dir='ltr'>armaturam</span> <span class='ocrx_word' id='word_1_137' title='bbox 825 2337 933 2425; x_wconf 84' lang='lat' dir='ltr'>qu&#39;am</span> <span class='ocrx_word' id='word_1_138' title='bbox 950 2328 1041 2409; x_wconf 83' lang='lat' dir='ltr'>levia</span> <span class='ocrx_word' id='word_1_139' title='bbox 1062 2353 1229 2426; x_wconf 84' lang='lat' dir='ltr'>pannosae</span> <span class='ocrx_word' id='word_1_140' title='bbox 1252 2330 1365 2427; x_wconf 88' lang='lat' dir='ltr'>gentis</span> <span class='ocrx_word' id='word_1_141' title='bbox 1382 2329 1516 2427; x_wconf 85' lang='lat' dir='ltr'>spicula</span> <span class='ocrx_word' id='word_1_142' title='bbox 1530 2327 1631 2402; x_wconf 87' lang='lat' dir='ltr'>tolera-</span> 
     </span>
     <span class='ocr_line' id='line_1_18' title="bbox 370 2448 1631 2551; baseline -0.003 -27"><span class='ocrx_word' id='word_1_143' title='bbox 370 2448 476 2524; x_wconf 87' lang='lat' dir='ltr'>bilius</span> <span class='ocrx_word' id='word_1_144' title='bbox 499 2451 592 2526; x_wconf 81' lang='lat' dir='ltr'>serre</span> <span class='ocrx_word' id='word_1_145' title='bbox 622 2455 749 2551; x_wconf 78' lang='lat' dir='ltr'>potuit</span> <span class='ocrx_word' id='word_1_146' title='bbox 788 2450 856 2524; x_wconf 92' lang='lat' dir='ltr'>Ubi</span> <span class='ocrx_word' id='word_1_147' title='bbox 880 2452 1105 2547; x_wconf 86' lang='lat' dir='ltr'>Bjarmorum</span> <span class='ocrx_word' id='word_1_148' title='bbox 1136 2476 1221 2550; x_wconf 86' lang='lat' dir='ltr'>rege</span> <span class='ocrx_word' id='word_1_149' title='bbox 1246 2451 1447 2545; x_wconf 78' lang='lat' dir='ltr'>interfecto,</span> <span class='ocrx_word' id='word_1_150' title='bbox 1479 2455 1631 2528; x_wconf 84' lang='lat' dir='ltr'>Firmum</span> 
     </span>
     <span class='ocr_line' id='line_1_19' title="bbox 371 2571 1630 2675; baseline 0.001 -32"><span class='ocrx_word' id='word_1_151' title='bbox 371 2597 458 2646; x_wconf 90' lang='lat' dir='ltr'>vero</span> <span class='ocrx_word' id='word_1_152' title='bbox 480 2571 614 2672; x_wconf 74' lang='lat' dir='ltr'>fugato,</span> <span class='ocrx_word' id='word_1_153' title='bbox 630 2576 815 2674; x_wconf 84' lang='lat' dir='ltr'>Regnerus</span> <span class='ocrx_word' id='word_1_154' title='bbox 838 2579 929 2656; x_wconf 85' lang='lat' dir='ltr'>saxis</span> <span class='ocrx_word' id='word_1_155' title='bbox 954 2599 1074 2656; x_wconf 82' lang='lat' dir='ltr'>rerum</span> <span class='ocrx_word' id='word_1_156' title='bbox 1094 2590 1275 2672; x_wconf 88' lang='lat' dir='ltr'>gestarum</span> <span class='ocrx_word' id='word_1_157' title='bbox 1291 2577 1431 2672; x_wconf 82' lang='lat' dir='ltr'>apices²</span> <span class='ocrx_word' id='word_1_158' title='bbox 1458 2602 1527 2675; x_wconf 84' lang='lat' dir='ltr'>prae</span> <span class='ocrx_word' id='word_1_159' title='bbox 1542 2601 1575 2649; x_wconf 90' lang='lat' dir='ltr'>se</span> <span class='ocrx_word' id='word_1_160' title='bbox 1591 2573 1630 2644; x_wconf 86' lang='lat' dir='ltr'>ie-</span> 
     </span>
     <span class='ocr_line' id='line_1_20' title="bbox 369 2694 1630 2794; baseline 0.002 -28"><span class='ocrx_word' id='word_1_161' title='bbox 369 2694 529 2770; x_wconf 88' lang='lat' dir='ltr'>rentibus</span> <span class='ocrx_word' id='word_1_162' title='bbox 554 2697 750 2794; x_wconf 86' lang='lat' dir='ltr'>iisdemque</span> <span class='ocrx_word' id='word_1_163' title='bbox 775 2720 931 2794; x_wconf 87' lang='lat' dir='ltr'>superne</span> <span class='ocrx_word' id='word_1_164' title='bbox 963 2694 1083 2770; x_wconf 87' lang='lat' dir='ltr'>locatis</span> <span class='ocrx_word' id='word_1_165' title='bbox 1116 2713 1287 2774; x_wconf 81' lang='lat' dir='ltr'>oeternum</span> <span class='ocrx_word' id='word_1_166' title='bbox 1307 2699 1465 2772; x_wconf 80' lang='lat' dir='ltr'>victoriae</span> <span class='ocrx_word' id='word_1_167' title='bbox 1488 2724 1553 2774; x_wconf 84' lang='lat' dir='ltr'>sue</span> <span class='ocrx_word' id='word_1_168' title='bbox 1572 2721 1630 2768; x_wconf 87' lang='lat' dir='ltr'>no·</span> 
     </span>
     <span class='ocr_line' id='line_1_21' title="bbox 373 2817 698 2892; baseline 0.006 -4"><span class='ocrx_word' id='word_1_169' title='bbox 373 2818 567 2891; x_wconf 90' lang='lat' dir='ltr'>nimentum</span> <span class='ocrx_word' id='word_1_170' title='bbox 583 2817 698 2892; x_wconf 80' lang='lat' dir='ltr'>affixit.</span> 
     </span>
    </p>

    <p class='ocr_par' dir='ltr' id='par_1_2' title="bbox 371 2939 1633 3653">
     <span class='ocr_line' id='line_1_22' title="bbox 503 2939 1632 3037; baseline 0 -27"><span class='ocrx_word' id='word_1_171' title='bbox 503 2943 638 3014; x_wconf 87' lang='lat' dir='ltr'>interea</span> <span class='ocrx_word' id='word_1_172' title='bbox 662 2939 783 3029; x_wconf 90' lang='lat' dir='ltr'>Ubbo,</span> <span class='ocrx_word' id='word_1_173' title='bbox 806 2965 872 3037; x_wconf 85' lang='lat' dir='ltr'>per</span> <span class='ocrx_word' id='word_1_174' title='bbox 895 2965 1002 3012; x_wconf 85' lang='lat' dir='ltr'>avum</span> <span class='ocrx_word' id='word_1_175' title='bbox 1019 2965 1123 3014; x_wconf 87' lang='lat' dir='ltr'>suum</span> <span class='ocrx_word' id='word_1_176' title='bbox 1148 2939 1374 3019; x_wconf 83' lang='lat' dir='ltr'>Hesbetnum</span> <span class='ocrx_word' id='word_1_177' title='bbox 1400 2940 1448 3014; x_wconf 89' lang='lat' dir='ltr'>ad</span> <span class='ocrx_word' id='word_1_178' title='bbox 1465 2939 1632 3036; x_wconf 75' lang='lat' dir='ltr'>sacrilegem</span> 
     </span>
     <span class='ocr_line' id='line_1_23' title="bbox 371 3061 1631 3161; baseline 0 -29"><span class='ocrx_word' id='word_1_179' title='bbox 371 3062 471 3158; x_wconf 88' lang='lat' dir='ltr'>regui</span> <span class='ocrx_word' id='word_1_180' title='bbox 485 3061 717 3160; x_wconf 84' lang='lat' dir='ltr'>cupiditatem</span> <span class='ocrx_word' id='word_1_181' title='bbox 735 3061 922 3150; x_wconf 87' lang='lat' dir='ltr'>adductus,</span> <span class='ocrx_word' id='word_1_182' title='bbox 940 3062 1079 3160; x_wconf 86' lang='lat' dir='ltr'>abjecta</span> <span class='ocrx_word' id='word_1_183' title='bbox 1098 3065 1236 3161; x_wconf 85' lang='lat' dir='ltr'>paterni</span> <span class='ocrx_word' id='word_1_184' title='bbox 1251 3080 1437 3161; x_wconf 88' lang='lat' dir='ltr'>respectus</span> <span class='ocrx_word' id='word_1_185' title='bbox 1454 3061 1631 3147; x_wconf 83' lang='lat' dir='ltr'>verecundia,</span> 
     </span>
     <span class='ocr_line' id='line_1_24' title="bbox 373 3184 1631 3284; baseline 0.002 -32"><span class='ocrx_word' id='word_1_186' title='bbox 373 3184 479 3278; x_wconf 89' lang='lat' dir='ltr'>capiti</span> <span class='ocrx_word' id='word_1_187' title='bbox 499 3209 565 3256; x_wconf 89' lang='lat' dir='ltr'>suo</span> <span class='ocrx_word' id='word_1_188' title='bbox 584 3185 721 3284; x_wconf 90' lang='lat' dir='ltr'>regium</span> <span class='ocrx_word' id='word_1_189' title='bbox 745 3187 924 3282; x_wconf 71' lang='lat' dir='ltr'>arrogavit</span> <span class='ocrx_word' id='word_1_190' title='bbox 941 3189 1084 3284; x_wconf 84' lang='lat' dir='ltr'>insigne.</span> <span class='ocrx_word' id='word_1_191' title='bbox 1142 3187 1252 3282; x_wconf 85' lang='lat' dir='ltr'>Cujus</span> <span class='ocrx_word' id='word_1_192' title='bbox 1274 3211 1389 3282; x_wconf 91' lang='lat' dir='ltr'>quum</span> <span class='ocrx_word' id='word_1_193' title='bbox 1408 3190 1573 3284; x_wconf 84' lang='lat' dir='ltr'>Regnorus</span> <span class='ocrx_word' id='word_1_194' title='bbox 1591 3185 1631 3254; x_wconf 91' lang='lat' dir='ltr'>iu-</span> 
     </span>
     <span class='ocr_line' id='line_1_25' title="bbox 373 3302 1632 3407; baseline -0.003 -31"><span class='ocrx_word' id='word_1_195' title='bbox 373 3302 559 3378; x_wconf 86' lang='lat' dir='ltr'>solentiam</span> <span class='ocrx_word' id='word_1_196' title='bbox 576 3331 618 3378; x_wconf 84' lang='lat' dir='ltr'>ex</span> <span class='ocrx_word' id='word_1_197' title='bbox 642 3309 766 3385; x_wconf 79' lang='lat' dir='ltr'>Svetiae</span> <span class='ocrx_word' id='word_1_198' title='bbox 789 3305 941 3388; x_wconf 85' lang='lat' dir='ltr'>ducibus</span> <span class='ocrx_word' id='word_1_199' title='bbox 957 3305 1126 3386; x_wconf 89' lang='lat' dir='ltr'>Kelthero</span> <span class='ocrx_word' id='word_1_200' title='bbox 1149 3306 1409 3404; x_wconf 85' lang='lat' dir='ltr'>Thorkilloque</span> <span class='ocrx_word' id='word_1_201' title='bbox 1438 3319 1632 3407; x_wconf 84' lang='lat' dir='ltr'>cognosceret,</span> 
     </span>
     <span class='ocr_line' id='line_1_26' title="bbox 373 3425 1632 3529; baseline 0.003 -32"><span class='ocrx_word' id='word_1_202' title='bbox 373 3425 540 3500; x_wconf 84' lang='lat' dir='ltr'>Gotbiam</span> <span class='ocrx_word' id='word_1_203' title='bbox 566 3454 691 3504; x_wconf 88' lang='lat' dir='ltr'>versus</span> <span class='ocrx_word' id='word_1_204' title='bbox 713 3455 935 3529; x_wconf 86' lang='lat' dir='ltr'>perpropere</span> <span class='ocrx_word' id='word_1_205' title='bbox 958 3434 1217 3528; x_wconf 82' lang='lat' dir='ltr'>navigationem</span> <span class='ocrx_word' id='word_1_206' title='bbox 1233 3433 1396 3504; x_wconf 76' lang='lat' dir='ltr'>exercuit.</span> <span class='ocrx_word' id='word_1_207' title='bbox 1453 3435 1543 3524; x_wconf 88' lang='lat' dir='ltr'>Quos</span> <span class='ocrx_word' id='word_1_208' title='bbox 1563 3431 1632 3500; x_wconf 84' lang='lat' dir='ltr'>lies-</span> 
     </span>
     <span class='ocr_line' id='line_1_27' title="bbox 373 3547 1633 3653; baseline 0.002 -33"><span class='ocrx_word' id='word_1_209' title='bbox 373 3547 508 3626; x_wconf 90' lang='lat' dir='ltr'>bernus</span> <span class='ocrx_word' id='word_1_210' title='bbox 523 3553 674 3650; x_wconf 88' lang='lat' dir='ltr'>Regneri</span> <span class='ocrx_word' id='word_1_211' title='bbox 688 3553 849 3649; x_wconf 82' lang='lat' dir='ltr'>partibus</span> <span class='ocrx_word' id='word_1_212' title='bbox 867 3551 1034 3652; x_wconf 82' lang='lat' dir='ltr'>singulari</span> <span class='ocrx_word' id='word_1_213' title='bbox 1049 3549 1120 3624; x_wconf 91' lang='lat' dir='ltr'>fide</span> <span class='ocrx_word' id='word_1_214' title='bbox 1138 3549 1320 3626; x_wconf 90' lang='lat' dir='ltr'>devinctos</span> <span class='ocrx_word' id='word_1_215' title='bbox 1337 3573 1511 3653; x_wconf 82' lang='lat' dir='ltr'>expertus,</span> <span class='ocrx_word' id='word_1_216' title='bbox 1523 3552 1633 3651; x_wconf 75' lang='lat' dir='ltr'>pramis</span> 
     </span>
    </p>
   </div>
   <div class='ocr_carea' id='block_1_2' title="bbox 373 3777 1633 4718">
    <p class='ocr_par' dir='ltr' id='par_1_3' title="bbox 373 3777 1633 4502">
     <span class='ocr_line' id='line_1_28' title="bbox 419 3777 1632 3874; baseline -0.007 -26"><span class='ocrx_word' id='word_1_217' title='bbox 419 3788 593 3848; x_wconf 79' lang='lat' dir='ltr'>¹Nocturna</span> <span class='ocrx_word' id='word_1_218' title='bbox 597 3784 740 3868; x_wconf 82' lang='lat' dir='ltr'>sallact&#39;e]</span> <span class='ocrx_word' id='word_1_219' title='bbox 748 3787 857 3848; x_wconf 87' lang='lat' dir='ltr'>Mirum</span> <span class='ocrx_word' id='word_1_220' title='bbox 874 3799 930 3862; x_wconf 88' lang='lat' dir='ltr'>est,</span> <span class='ocrx_word' id='word_1_221' title='bbox 946 3789 999 3852; x_wconf 83' lang='lat' dir='ltr'>Sa·</span> <span class='ocrx_word' id='word_1_222' title='bbox 1059 3798 1219 3862; x_wconf 80' lang='lat' dir='ltr'>comment.</span> <span class='ocrx_word' id='word_1_223' title='bbox 1245 3785 1283 3848; x_wconf 89' lang='lat' dir='ltr'>de</span> <span class='ocrx_word' id='word_1_224' title='bbox 1308 3788 1439 3874; x_wconf 85' lang='lat' dir='ltr'>antiquis</span> <span class='ocrx_word' id='word_1_225' title='bbox 1472 3777 1632 3851; x_wconf 79' lang='lat' dir='ltr'>monumentis</span> 
     </span>
     <span class='ocr_line' id='line_1_29' title="bbox 373 3888 1633 3974; baseline 0 -26"><span class='ocrx_word' id='word_1_226' title='bbox 373 3907 482 3950; x_wconf 73' lang='lat' dir='ltr'>sonem</span> <span class='ocrx_word' id='word_1_227' title='bbox 498 3911 559 3952; x_wconf 88' lang='lat' dir='ltr'>nou</span> <span class='ocrx_word' id='word_1_228' title='bbox 572 3891 787 3974; x_wconf 65' lang='lat' dir='ltr'>enclimaque</span> <span class='ocrx_word' id='word_1_229' title='bbox 807 3888 926 3954; x_wconf 83' lang='lat' dir='ltr'>fallacia</span> <span class='ocrx_word' id='word_1_230' title='bbox 942 3915 996 3954; x_wconf 93' lang='lat' dir='ltr'>no·</span> <span class='ocrx_word' id='word_1_231' title='bbox 1056 3891 1087 3952; x_wconf 90' lang='lat' dir='ltr'>in</span> <span class='ocrx_word' id='word_1_232' title='bbox 1111 3892 1220 3954; x_wconf 86' lang='lat' dir='ltr'>Sibiria</span> <span class='ocrx_word' id='word_1_233' title='bbox 1237 3895 1385 3972; x_wconf 77' lang='lat' dir='ltr'>Australi,</span> <span class='ocrx_word' id='word_1_234' title='bbox 1414 3899 1565 3958; x_wconf 85' lang='lat' dir='ltr'>Commeat.</span> <span class='ocrx_word' id='word_1_235' title='bbox 1581 3889 1633 3948; x_wconf 83' lang='lat' dir='ltr'>Git-</span> 
     </span>
     <span class='ocr_line' id='line_1_30' title="bbox 373 3994 1633 4082; baseline -0.005 -27"><span class='ocrx_word' id='word_1_236' title='bbox 373 4005 481 4056; x_wconf 86' lang='lat' dir='ltr'>cturna</span> <span class='ocrx_word' id='word_1_237' title='bbox 496 3997 653 4078; x_wconf 85' lang='lat' dir='ltr'>Regnerus</span> <span class='ocrx_word' id='word_1_238' title='bbox 670 3997 782 4058; x_wconf 88' lang='lat' dir='ltr'>Fiunos</span> <span class='ocrx_word' id='word_1_239' title='bbox 800 3995 922 4058; x_wconf 85' lang='lat' dir='ltr'>taudem</span> <span class='ocrx_word' id='word_1_240' title='bbox 945 3997 996 4059; x_wconf 90' lang='lat' dir='ltr'>de·</span> <span class='ocrx_word' id='word_1_241' title='bbox 1054 3997 1129 4082; x_wconf 87' lang='lat' dir='ltr'>ting.</span> <span class='ocrx_word' id='word_1_242' title='bbox 1146 4001 1205 4060; x_wconf 84' lang='lat' dir='ltr'>rol.</span> <span class='ocrx_word' id='word_1_243' title='bbox 1220 3997 1271 4078; x_wconf 83' lang='lat'>15)</span> <span class='ocrx_word' id='word_1_244' title='bbox 1285 4000 1314 4060; x_wconf 88' lang='lat' dir='ltr'>in</span> <span class='ocrx_word' id='word_1_245' title='bbox 1328 3999 1437 4063; x_wconf 84' lang='lat' dir='ltr'>Sibiria</span> <span class='ocrx_word' id='word_1_246' title='bbox 1454 4021 1483 4067; x_wconf 88' lang='lat' dir='ltr'>se</span> <span class='ocrx_word' id='word_1_247' title='bbox 1499 3998 1588 4060; x_wconf 80' lang='lat' dir='ltr'>vidisse</span> <span class='ocrx_word' id='word_1_248' title='bbox 1601 3994 1633 4050; x_wconf 87' lang='lat' dir='ltr'>lit·</span> 
     </span>
     <span class='ocr_line' id='line_1_31' title="bbox 373 4097 1633 4184; baseline -0.008 -20"><span class='ocrx_word' id='word_1_249' title='bbox 373 4101 489 4164; x_wconf 83' lang='lat' dir='ltr'>vicerit.</span> <span class='ocrx_word' id='word_1_250' title='bbox 530 4100 684 4184; x_wconf 80' lang='lat' dir='ltr'>Suspicor,</span> <span class='ocrx_word' id='word_1_251' title='bbox 699 4115 902 4164; x_wconf 88' lang='lat' dir='ltr'>commentum</span> <span class='ocrx_word' id='word_1_252' title='bbox 923 4101 994 4166; x_wconf 82' lang='lat' dir='ltr'>suis·</span> <span class='ocrx_word' id='word_1_253' title='bbox 1052 4115 1185 4165; x_wconf 87' lang='lat' dir='ltr'>terarum</span> <span class='ocrx_word' id='word_1_254' title='bbox 1204 4103 1326 4183; x_wconf 87' lang='lat' dir='ltr'>ductus,</span> <span class='ocrx_word' id='word_1_255' title='bbox 1346 4109 1429 4170; x_wconf 85' lang='lat' dir='ltr'>runis</span> <span class='ocrx_word' id='word_1_256' title='bbox 1452 4103 1524 4168; x_wconf 87' lang='lat' dir='ltr'>baud</span> <span class='ocrx_word' id='word_1_257' title='bbox 1545 4097 1633 4162; x_wconf 83' lang='lat' dir='ltr'>absimi-</span> 
     </span>
     <span class='ocr_line' id='line_1_32' title="bbox 373 4203 1632 4292; baseline -0.007 -25"><span class='ocrx_word' id='word_1_258' title='bbox 373 4223 405 4268; x_wconf 84' lang='lat' dir='ltr'>se</span> <span class='ocrx_word' id='word_1_259' title='bbox 418 4219 480 4268; x_wconf 80' lang='lat' dir='ltr'>tem</span> <span class='ocrx_word' id='word_1_260' title='bbox 503 4207 665 4287; x_wconf 87' lang='lat' dir='ltr'>insulsum,</span> <span class='ocrx_word' id='word_1_261' title='bbox 692 4221 725 4270; x_wconf 88' lang='lat' dir='ltr'>ut</span> <span class='ocrx_word' id='word_1_262' title='bbox 746 4210 894 4271; x_wconf 80' lang='lat' dir='ltr'>Saxonem</span> <span class='ocrx_word' id='word_1_263' title='bbox 920 4209 994 4270; x_wconf 87' lang='lat' dir='ltr'>illud</span> <span class='ocrx_word' id='word_1_264' title='bbox 1054 4209 1106 4286; x_wconf 86' lang='lat' dir='ltr'>les,</span> <span class='ocrx_word' id='word_1_265' title='bbox 1127 4209 1253 4292; x_wconf 87' lang='lat' dir='ltr'>rupibus</span> <span class='ocrx_word' id='word_1_266' title='bbox 1267 4210 1385 4274; x_wconf 82' lang='lat' dir='ltr'>incisos.</span> <span class='ocrx_word' id='word_1_267' title='bbox 1414 4213 1472 4276; x_wconf 88' lang='lat' dir='ltr'>Sed</span> <span class='ocrx_word' id='word_1_268' title='bbox 1488 4212 1545 4271; x_wconf 75' lang='lat' dir='ltr'>baec</span> <span class='ocrx_word' id='word_1_269' title='bbox 1559 4205 1588 4266; x_wconf 81' lang='lat' dir='ltr'>ab</span> <span class='ocrx_word' id='word_1_270' title='bbox 1601 4203 1632 4261; x_wconf 86' lang='lat' dir='ltr'>ti·</span> 
     </span>
     <span class='ocr_line' id='line_1_33' title="bbox 373 4310 1633 4400; baseline -0.004 -27"><span class='ocrx_word' id='word_1_271' title='bbox 373 4310 489 4374; x_wconf 84' lang='lat' dir='ltr'>afferre</span> <span class='ocrx_word' id='word_1_272' title='bbox 503 4311 655 4396; x_wconf 83' lang='lat' dir='ltr'>puduerit.</span> <span class='ocrx_word' id='word_1_273' title='bbox 1054 4316 1148 4377; x_wconf 86' lang='lat' dir='ltr'>storia</span> <span class='ocrx_word' id='word_1_274' title='bbox 1168 4317 1300 4400; x_wconf 84' lang='lat' dir='ltr'>Regneri</span> <span class='ocrx_word' id='word_1_275' title='bbox 1322 4319 1417 4380; x_wconf 88' lang='lat' dir='ltr'>aliena</span> <span class='ocrx_word' id='word_1_276' title='bbox 1442 4337 1500 4379; x_wconf 80' lang='lat' dir='ltr'>esse</span> <span class='ocrx_word' id='word_1_277' title='bbox 1521 4311 1633 4377; x_wconf 78' lang='lat' dir='ltr'>eristius·</span> 
     </span>
     <span class='ocr_line' id='line_1_34' title="bbox 571 4423 1632 4502; baseline -0.004 -20"><span class='ocrx_word' id='word_1_278' title='bbox 571 4489 582 4501; x_wconf 59' lang='grc'><strong>,</strong></span> <span class='ocrx_word' id='word_1_279' title='bbox 1055 4441 1130 4482; x_wconf 89' lang='lat' dir='ltr'>mus.</span> <span class='ocrx_word' id='word_1_280' title='bbox 1198 4423 1273 4485; x_wconf 81' lang='lat' dir='ltr'>Saxa</span> <span class='ocrx_word' id='word_1_281' title='bbox 1299 4423 1379 4486; x_wconf 89' lang='lat' dir='ltr'>enim</span> <span class='ocrx_word' id='word_1_282' title='bbox 1400 4443 1495 4486; x_wconf 88' lang='lat' dir='ltr'>rerum</span> <span class='ocrx_word' id='word_1_283' title='bbox 1516 4429 1632 4502; x_wconf 78' lang='lat' dir='ltr'>gestarum</span> 
     </span>
    </p>

    <p class='ocr_par' dir='ltr' id='par_1_4' title="bbox 374 4523 1633 4718">
     <span class='ocr_line' id='line_1_35' title="bbox 420 4523 1633 4614; baseline -0.009 -26"><span class='ocrx_word' id='word_1_284' title='bbox 420 4528 547 4588; x_wconf 73' lang='lat' dir='ltr'>²lienem</span> <span class='ocrx_word' id='word_1_285' title='bbox 566 4543 716 4610; x_wconf 82' lang='lat' dir='ltr'>gestarum</span> <span class='ocrx_word' id='word_1_286' title='bbox 730 4524 839 4614; x_wconf 67' lang='grc' dir='ltr'>πρίσω]</span> <span class='ocrx_word' id='word_1_287' title='bbox 855 4527 996 4590; x_wconf 84' lang='lat' dir='ltr'>Narravit</span> <span class='ocrx_word' id='word_1_288' title='bbox 1056 4526 1156 4608; x_wconf 82' lang='lat' dir='ltr'>apices</span> <span class='ocrx_word' id='word_1_289' title='bbox 1171 4549 1235 4610; x_wconf 84' lang='lat' dir='ltr'>prae</span> <span class='ocrx_word' id='word_1_290' title='bbox 1254 4545 1286 4588; x_wconf 88' lang='lat' dir='ltr'>se</span> <span class='ocrx_word' id='word_1_291' title='bbox 1309 4527 1435 4590; x_wconf 82' lang='lat' dir='ltr'>serentis</span> <span class='ocrx_word' id='word_1_292' title='bbox 1451 4547 1484 4590; x_wconf 85' lang='lat' dir='ltr'>ex</span> <span class='ocrx_word' id='word_1_293' title='bbox 1498 4523 1587 4586; x_wconf 84' lang='lat' dir='ltr'>rodem</span> <span class='ocrx_word' id='word_1_294' title='bbox 1600 4533 1633 4578; x_wconf 89' lang='lat' dir='ltr'>ot·</span> 
     </span>
     <span class='ocr_line' id='line_1_36' title="bbox 374 4625 1633 4718; baseline -0.008 -26"><span class='ocrx_word' id='word_1_295' title='bbox 374 4627 498 4714; x_wconf 88' lang='lat' dir='ltr'>quidem</span> <span class='ocrx_word' id='word_1_296' title='bbox 524 4630 744 4714; x_wconf 86' lang='lat' dir='ltr'>Strablenberg</span> <span class='ocrx_word' id='word_1_297' title='bbox 773 4633 997 4717; x_wconf 88' lang='lat' dir='ltr'>(Nordostliger</span> <span class='ocrx_word' id='word_1_298' title='bbox 1055 4629 1147 4694; x_wconf 84' lang='lat' dir='ltr'>robro</span> <span class='ocrx_word' id='word_1_299' title='bbox 1164 4630 1312 4696; x_wconf 89' lang='lat' dir='ltr'>credimus</span> <span class='ocrx_word' id='word_1_300' title='bbox 1334 4631 1485 4718; x_wconf 80' lang='lat' dir='ltr'>prosecta,</span> <span class='ocrx_word' id='word_1_301' title='bbox 1509 4625 1577 4691; x_wconf 85' lang='lat' dir='ltr'>unde</span> <span class='ocrx_word' id='word_1_302' title='bbox 1592 4640 1633 4682; x_wconf 83' lang='lat' dir='ltr'>ee·</span> 
     </span>
    </p>
   </div>
   <div class='ocr_carea' id='block_1_3' title="bbox 375 4727 1676 4925">
    <p class='ocr_par' dir='ltr' id='par_1_5' title="bbox 375 4727 1676 4925">
     <span class='ocr_line' id='line_1_37' title="bbox 375 4727 1676 4825; baseline -0.01 -27"><span class='ocrx_word' id='word_1_303' title='bbox 375 4734 463 4798; x_wconf 83' lang='lat' dir='ltr'>&#39;l&#39;heil</span> <span class='ocrx_word' id='word_1_304' title='bbox 479 4757 539 4799; x_wconf 85' lang='lat' dir='ltr'>ron</span> <span class='ocrx_word' id='word_1_305' title='bbox 560 4741 685 4821; x_wconf 84' lang='lat' dir='ltr'>Europa</span> <span class='ocrx_word' id='word_1_306' title='bbox 702 4738 762 4800; x_wconf 84' lang='lat' dir='ltr'>uod</span> <span class='ocrx_word' id='word_1_307' title='bbox 782 4739 851 4802; x_wconf 78' lang='lat' dir='ltr'>Asia</span> <span class='ocrx_word' id='word_1_308' title='bbox 874 4743 904 4802; x_wconf 86' lang='lat' dir='ltr'>S.</span> <span class='ocrx_word' id='word_1_309' title='bbox 923 4740 996 4818; x_wconf 76' lang='lat'>409,</span> <span class='ocrx_word' id='word_1_310' title='bbox 1056 4753 1119 4804; x_wconf 85' lang='lat' dir='ltr'>tera</span> <span class='ocrx_word' id='word_1_311' title='bbox 1146 4741 1237 4825; x_wconf 86' lang='lat' dir='ltr'>hujus</span> <span class='ocrx_word' id='word_1_312' title='bbox 1260 4740 1395 4811; x_wconf 77' lang='lat' dir='ltr'>historiae</span> <span class='ocrx_word' id='word_1_313' title='bbox 1414 4735 1542 4802; x_wconf 85' lang='lat' dir='ltr'>miracula</span> <span class='ocrx_word' id='word_1_314' title='bbox 1563 4727 1631 4792; x_wconf 81' lang='lat' dir='ltr'>lluxr·</span> <span class='ocrx_word' id='word_1_315' title='bbox 1673 4807 1676 4818; x_wconf 68' lang='lat'>,</span> 
     </span>
     <span class='ocr_line' id='line_1_38' title="bbox 375 4833 1134 4925; baseline 0.007 -21"><span class='ocrx_word' id='word_1_316' title='bbox 375 4835 449 4918; x_wconf 74' lang='lat'>412,</span> <span class='ocrx_word' id='word_1_317' title='bbox 470 4841 543 4904; x_wconf 86' lang='lat' dir='ltr'>Tab.</span> <span class='ocrx_word' id='word_1_318' title='bbox 562 4841 655 4921; x_wconf 81' lang='lat' dir='ltr'>s,11,</span> <span class='ocrx_word' id='word_1_319' title='bbox 684 4833 738 4925; x_wconf 72' lang='lat'>143</span> <span class='ocrx_word' id='word_1_320' title='bbox 763 4845 841 4908; x_wconf 78' lang='lat' dir='ltr'>cuir.</span> <span class='ocrx_word' id='word_1_321' title='bbox 865 4847 995 4910; x_wconf 86' lang='lat' dir='ltr'>Meioers</span> <span class='ocrx_word' id='word_1_322' title='bbox 1054 4861 1134 4909; x_wconf 89' lang='lat' dir='ltr'>runt.</span> 
     </span>
    </p>
   </div>
   <div class='ocr_carea' id='block_1_4' title="bbox 0 0 1752 5460">
    <p class='ocr_par' dir='ltr' id='par_1_6' title="bbox 0 0 1752 5460">
     <span class='ocr_line' id='line_1_39' title="bbox 0 0 1752 5460; baseline 0 0"><span class='ocrx_word' id='word_1_323' title='bbox 0 0 1752 5460; x_wconf 95' lang='lat' dir='ltr'> </span> 
     </span>
    </p>
   </div>
  </div>
 </body>
</html>
