3476 5460
659 349 898 421 GOTRICUS.
1311 345 1384 420 4³⁷

116 560 309 630 contructis
337 555 459 631 denuo
485 555 623 631 viribus
647 583 691 632 sc
715 559 945 658 frequentiori
971 562 1157 656 copiarum
1182 555 1315 632 robore
1328 583 1434 632 com-

115 695 255 778 parato,
281 703 355 752 non
370 683 407 752 in
422 681 578 756 Saxones
593 679 714 770 modo,
733 705 857 754 verum
875 683 910 754 in
931 703 1076 756 ornnem
1092 680 1291 752 Germaniae
1305 705 1432 780 popu·

115 799 191 874 lum
217 808 356 876 emissae
378 799 633 877 dominationis
658 802 822 900 injurium
840 800 963 876 ulcisci
989 803 1175 876 constituit.
1249 807 1300 875 Ac
1315 806 1434 902 primo

115 921 550 1022 quidemclssseFresism
557 923 715 998 domat¹.
730 931 820 1018 Quse
829 927 1013 1024 provincia
1022 921 1221 997 admodum
1230 925 1298 998 situ
1307 921 1434 998 bumi-

115 1049 172 1138 lis,
187 1048 328 1145 quoties
342 1052 509 1122 saeriente
517 1051 662 1120 Oceano
672 1047 816 1146 objecta
825 1047 995 1122 fluctibus
1005 1051 1167 1122 aestuariu
1182 1069 1434 1146 perrumpun-

112 1187 183 1262 tur,
191 1183 303 1242 totum
313 1168 554 1244 inundationis
564 1171 697 1244 molem
706 1173 910 1269 putentibus
918 1177 1056 1270 campis
1068 1177 1233 1269 excipere
1242 1177 1434 1243 consuevit.

112 1293 209 1364 Huic
222 1293 392 1366 Gotricus
404 1317 478 1368 non
489 1309 560 1366 tum
570 1309 703 1367 arctum
719 1319 830 1393 quom
845 1297 1043 1368 inusitatam
1061 1299 1290 1394 pensionem²
1310 1294 1433 1391 impo-

111 1415 193 1488 suit.
233 1415 288 1485 De
307 1415 415 1512 cujus
431 1413 633 1488 conditione
657 1432 694 1490 et
716 1415 829 1488 modo
857 1423 1059 1490 summatim
1076 1415 1236 1510 referam.
1276 1420 1434 1488 Primum

111 1515 481 1634 itaqueducento'rum
492 1537 732 1637 quodraginta
742 1539 879 1636 pedum
890 1537 1146 1640 longitudinem
1159 1537 1323 1610 habentis
1341 1535 1433 1608 sedi·-

110 1660 186 1732 iicii
201 1673 378 1731 structure
396 1657 610 1758 disponitur,
625 1662 774 1744 bissenis
790 1658 949 1734 distincta
967 1663 1107 1758 spatiis,
1133 1685 1289 1758 quorum
1306 1659 1432 1758 quod-

112 1781 206 1854 libet
222 1785 425 1854 vicenorum
441 1781 576 1881 pedum
593 1785 856 1884 intercapedine
874 1782 1087 1874 tenderetur,
1115 1780 1295 1880 predictae
1310 1805 1433 1879 quun-

111 1905 219 1976 titotis
236 1927 414 1976 summam
430 1905 549 1980 totalis
564 1909 668 2005 spatii
688 1904 877 2006 dispendio
895 1904 1077 1978 reddente.
1129 1904 1296 2003 inhujus
1313 1906 1435 2001 itaque

111 2025 203 2099 sedis
227 2030 342 2122 cupite
366 2033 467 2126 regio
491 2029 700 2104 considente
725 2028 924 2129 questore,
949 2028 1020 2100 sub
1037 2045 1228 2102 extremam
1243 2029 1324 2126 ejus
1341 2050 1434 2125 par·-

112 2169 187 2223 tem
205 2149 383 2223 rotundus
398 2175 419 2222 e
433 2153 577 2250 regione
594 2151 744 2250 clypeus
759 2149 953 2223 exhibetur.
1006 2150 1227 2223 Fresonibus
1241 2151 1350 2248 igitur
1363 2154 1434 2220 tri-

111 2275 245 2348 butum
260 2271 395 2346 datum
418 2297 499 2346 mos
523 2291 599 2347 erut
622 2273 781 2374 singulos
807 2297 975 2348 nummos
997 2275 1032 2344 in
1055 2271 1168 2371 hujus
1192 2273 1284 2346 scuti
1306 2297 1434 2344 cavum

111 2617 225 2683 magne
240 2591 364 2680 quidem
375 2593 596 2662 suorumcledc
609 2609 745 2684 eccepto,
803 2613 1009 2669 conuenerant,
1028 2601 1135 2659 statuit
1148 2597 1285 2684 opperiri.
1305 2593 1435 2676 Congre-

111 2703 190 2766 dues
212 2699 311 2785 gentis
328 2700 501 2788 purtessilsi
518 2703 681 2790 vectigales
699 2703 745 2770 fe·
804 2711 887 2793 gatis
908 2705 1026 2768 tandem
1053 2705 1165 2788 copis’s,
1202 2717 1315 2784 quanta
1336 2703 1435 2786 potuit

112 2821 209 2875 cerel.
806 2814 954 2876 celeritate
975 2811 1018 2871 ad
1035 2811 1158 2870 Alaram
1169 2811 1297 2890 slaviam
1319 2823 1435 2867 conten·

161 2917 285 2980 ¹Classe
298 2917 427 2976 Fresiem
446 2911 562 2997 domat]
577 2919 743 3003 Imperator
807 2918 875 2988 elit,
918 2919 1079 2998 castrisque
1113 2915 1205 2996 justa
1247 2915 1436 2996 confluentem

110 3025 301 3110 Aqus'sgrum'
316 3021 412 3082 adduc
435 3021 543 3104 degens
563 3019 648 3099 (nnn.
665 3016 753 3102 810)
804 3022 881 3104 ejus,
894 3044 949 3105 quo
965 3021 1223 3102 Wscrceflums'ru'
1233 3019 1435 3100 conjungitur,

109 3134 250 3194 nuntium
265 3131 390 3212 accepit,
412 3129 532 3190 classem
555 3129 610 3192 CC
628 3131 746 3190 nuvium
799 3131 922 3214 positis,
938 3149 1082 3189 mmor-um
1099 3125 1258 3202 Godesridi
1269 3129 1347 3210 regis
1357 3147 1435 3212 prse-

110 3237 150 3299 de
185 3235 384 3296 Nortmanm'a
418 3237 548 3296 Fress‘am
584 3235 746 3321 appulisse,
805 3235 934 3296 stolatus·
951 3251 1091 3295 matum.
1140 3235 1221 3294 Nam
1239 3255 1290 3294 res
1309 3231 1371 3302 site,
1384 3253 1437 3294 vs·

110 3357 251 3424 totasque
288 3341 423 3401 Fresraeo
449 3341 547 3402 littori
578 3341 746 3422 adJ'uoentes
805 3343 925 3402 ns'ssima
944 3363 996 3425 spe
1013 3343 1143 3400 uectoria
1167 3341 1301 3416 reflatus,
1321 3339 1384 3399 ucis
1406 3359 1437 3398 se

111 3445 230 3510 suetas
253 3467 313 3504 esse
341 3461 494 3521 vastatam
516 3448 637 3532 Jamque
664 3469 745 3508 eser·
804 3441 1437 3532 cumlmperatcrecongredisellejactabot.

109 3559 204 3616 cusum
218 3551 299 3611 illum
320 3552 351 3610 in
372 3557 535 3614 continenti
552 3575 627 3623 esse,
650 3568 749 3612 terna·
806 3549 954 3632 (Annales
980 3548 1142 3612 Loiselinn.
1155 3546 1238 3634 apud
1257 3543 1300 3608 du
1317 3545 1436 3610 Cbesne

109 3683 170 3746 que
180 3657 286 3744 prelia
309 3681 372 3718 cum
394 3661 568 3722 Fresons'bus
590 3658 747 3720 commisis-
806 3655 919 3743 script.
940 3655 1010 3718 hist.
1032 3659 1179 3719 Francos.
1205 3653 1264 3718 vol.
1279 3655 1304 3714 ll
1325 3641 1437 3739 ludi.)

109 3792 153 3831 se.
181 3767 284 3826 Dauos
298 3765 423 3824 uictores
436 3765 575 3826 tributum
595 3768 681 3826 uictis
695 3765 748 3823 im·
807 3765 919 3825 Narrat
944 3762 1036 3824 etiam
1066 3773 1154 3824 autor
1186 3757 1325 3824 historiae
1357 3758 1438 3841 regis

105 3875 259 3964 posuisse,
277 3883 306 3930 et
326 3871 480 3953 oeetr'galis
492 3879 604 3933 nornsne
618 3869 747 3932 Clibras
808 3867 899 3932 Olnri
916 3867 1061 3954 Tryggrii
1087 3867 1143 3930 filii
1163 3865 1437 3948 (Fornmsnnssilg.
1549 3915 1561 3940 ,

110 3981 237 4064 argenti
258 4001 278 4039 a
301 3975 475 4038 Fresons'bus
492 3977 559 4057 jam
583 4001 644 4039 esse
668 3977 745 4037 solu·
809 3975 871 4038 vol.
884 3977 937 4064 lp.
945 3971 1033 4054 106),
1043 3969 1437 4056 Godefridum,regem.lut·

110 4105 178 4157 tus,
196 4101 226 4146 et
248 4105 343 4167 regem
362 4081 556 4167 Godefrr'dum
582 4083 663 4144 domi
683 4105 745 4144 esse
811 4080 932 4158 londin,
953 4075 1141 4143 interfecisse
1160 4081 1357 4154 llrmrecum,
1383 4073 1438 4136 du·

112 4213 269 4255 reuersum.
316 4193 356 4251 Et
380 4213 479 4253 reuera
500 4195 544 4250 ita
557 4205 630 4250 erut.
655 4163 659 4176 ⁴
683 4189 743 4270 Qus
805 4207 872 4250 cem
897 4187 1076 4263 Frisonum,
1106 4195 1282 4268 rigentem
1306 4181 1437 4264 vectiga—

112 4301 240 4360 nunct'us
254 4295 328 4358 adeo
350 4299 558 4382 Imperatorem
576 4297 747 4363 concitavit,
804 4293 866 4354 lem
879 4289 1054 4354 reddidisse.

111 4419 164 4474 ut,
175 4405 272 4463 missis
286 4403 317 4462 in
329 4425 426 4463 omnes
435 4406 656 4483 circumquaque
671 4401 748 4482 regi·
886 4395 892 4410 ⁸

112 4533 187 4572 orces
200 4509 243 4570 ed
260 4507 497 4590 congregandam
511 4511 669 4570 exercitum
696 4528 745 4566 su·
851 4505 1050 4564 ²Irsrsss'tutam
1063 4495 1246 4586 pensionem]
1264 4501 1312 4562 De
1325 4498 1438 4584 proba·

112 4639 164 4677 um
178 4616 304 4683 numus,
324 4616 440 4699 ipseque
459 4617 521 4675 stite
541 4614 746 4681 moraesr'ens,
806 4603 863 4668 bili
880 4604 970 4689 bujss
985 4606 1150 4670 commenti
1164 4603 1438 4690 origincquaedatn

109 4725 215 4814 primo
239 4718 353 4804 quidem
377 4723 420 4782 eis
447 4741 609 4790 accurrere,
633 4715 749 4786 demde,
808 4711 965 4775 attulimus
985 4711 1016 4774 in
1038 4710 1304 4776 observationibus
1324 4711 1438 4775 criticis

115 4829 291 4890 ermsms'sso
305 4827 538 4907 llbersostarm‘ae
555 4829 586 4887 in
601 4827 614 4885 l
623 4849 677 4895 sco,
699 4826 751 4906 qui
810 4817 847 4882 ad
863 4817 1020 4882 historiens
1040 4817 1220 4898 Godel'ridi‚
1243 4841 1312 4904 qrsae
1335 4820 1366 4880 in
1384 4841 1438 4880 no·

116 4935 228 5020 Ls'ppt'o
244 4931 385 5003 uocetur,
414 4937 526 5019 copres,
548 4955 611 5016 que
624 4929 750 4992 nondum
812 4921 851 4990 lis
869 4924 1061 4992 uberioribus
1077 4927 1228 5010 leguntur.
