3446 5458
603 295 894 406 munuum}
1289 259 1359 413 rea

99 543 209 620 doces
224 543 274 618 ita
285 545 375 618 inter
393 567 433 618 se
454 542 549 636 ierro
573 563 791 632 comunem,
817 557 858 614 ut
869 565 946 616 rem
961 539 1069 616 duelli
1088 567 1187 618 more
1202 567 1408 649 proseque-

98 681 219 740 reutm
233 683 268 740 et
284 683 412 767 prester
427 664 610 765 publicam
625 661 709 736 belli
721 679 853 736 sortem
870 665 996 762 privati
1010 663 1191 740 conflictus
1205 672 1322 767 speeie
1337 673 1409 748 dea

99 805 278 863 reterens.
329 791 435 862 Hunc
451 789 545 862 enim
560 786 817 884 congressionis
832 801 997 860 eventum
1009 811 1077 884 par
1091 787 1282 865 amborum
1295 817 1407 894 expe-

98 909 192 984 tebat
211 909 367 1004 allectus,
392 925 433 984 ut
448 911 610 985 virtutem
626 933 700 982 non
727 909 882 1006 partium
902 933 990 1007 ope,
1020 909 1086 984 sed
1110 917 1257 1012 propria
1283 917 1411 992 sirium

99 1033 310 1130 experientia
340 1047 554 1108 testarentur.
608 1036 691 1125 Quo
709 1031 831 1122 evenit,
856 1045 905 1122 ut,
926 1029 1223 1110 crebrescentibus
1246 1041 1414 1139 utrinque

98 1155 225 1255 plagis,
245 1153 402 1230 Atlrislus
422 1157 527 1228 armis
543 1155 715 1252 superior,
729 1166 905 1250 prostrato
920 1155 1087 1243 Frovino,
1101 1158 1244 1252 privatoe
1258 1162 1413 1238 victoriae

99 1276 286 1376 publicam
297 1279 471 1378 jungeret,
493 1278 699 1375 passimque
717 1271 855 1346 divulsa
871 1263 1057 1348 Danorum
1072 1281 1212 1378 agmina
1233 1283 1411 1386 profliga-

100 1417 156 1474 ret
210 1399 299 1472 Inde
324 1401 475 1474 Svetiam
496 1423 659 1474 reversam
686 1398 829 1472 Frovioi
856 1421 976 1484 necem
1006 1421 1078 1470 non
1104 1399 1222 1476 solum
1246 1405 1412 1481 virtutum

99 1545 248 1594 suarmu
262 1521 474 1623 imaginibus
495 1521 696 1620 adscripsit,
715 1543 841 1592 verum
864 1521 968 1592 etiam
983 1519 1195 1618 impensiore
1221 1528 1413 1605 verborum

98 1645 264 1740 jacunua
279 1645 450 1742 prosequi
482 1646 671 1735 consvevit,
686 1641 837 1742 gloriam
850 1641 930 1716 lacti
952 1645 1047 1718 vocis
1066 1647 1256 1744 petulantia
1280 1650 1412 1726 demo-

101 1765 189 1840 litus.
258 1763 462 1865 Aliquando
487 1767 579 1839 enim
601 1764 793 1862 speciosius
814 1765 956 1840 virtutes
978 1764 1102 1840 silenti
1123 1771 1332 1848 verecundia
1356 1791 1414 1848 te-

100 1905 236 1987 guntur
253 1911 366 1986 qtram
381 1887 761 1988 semeonis-petulantia
777 1885 1016 1984 publicantur.
1412 1953 1417 1962 .

235 2011 379 2085 Fnorini
392 2010 486 2086 filios
502 2008 729 2086 Vennundus
744 2027 899 2109 paterne
916 2009 1088 2111 digrutatb
1107 2011 1305 2093 honoribus
1322 2045 1420 2096 esc-
1463 1999 1471 2012 ⁸

101 2131 186 2222 hie,
222 2135 360 2208 extincti
383 2158 453 2232 pro
476 2133 589 2231 patria
613 2134 715 2207 amici
743 2131 875 2206 llberos
896 2133 995 2231 justo
1020 2133 1217 2212 admodum
1243 2139 1417 2218 beneficio

101 2271 356 2356 prosequutus.
415 2257 506 2350 Quae
522 2281 580 2331 res
597 2253 735 2330 Athislo
751 2253 927 2329 referendi
950 2255 987 2328 in
1013 2259 1164 2332 Daniarn
1187 2259 1275 2334 belli
1292 2268 1427 2339 moni·-¹

102 2395 179 2454 tum
195 2375 364 2476 prebuit.
415 2379 531 2454 Rediit
548 2381 669 2479 itaque
686 2377 876 2476 superioris
899 2387 1036 2478 'pugnae
1059 2379 1191 2454 fiducia
1215 2386 1418 2481 conomius,

102 2525 174 2576 non
188 2499 304 2576 modo
318 2515 439 2575 tenues
453 2516 694 2602 angustasque
707 2499 827 2595 copias
835 2547 847 2588 ,
868 2523 992 2604 verum
1008 2527 1114 2575 onme
1128 2501 1263 2579 rumis
1275 2509 1420 2583 Sueticre

102 2624 219 2698 robur
242 2621 452 2715 advectans,
484 2622 632 2724 perinde
656 2645 698 2695 ac
729 2622 834 2695 totius
873 2621 996 2696 Daniae
1025 2625 1212 2722 imperium
1240 2645 1418 2727 rapturus.

103 2744 215 2841 Quod
232 2744 373 2818 Frovini
385 2743 480 2822 filius
497 2747 588 2823 Keto
604 2769 673 2844 per
686 2741 903 2842 primipilum
920 2769 1039 2837 suum,
1056 2743 1250 2850 Foleonem
1266 2752 1417 2848 nornine,

105 2867 327 2960 vernando,
349 2883 434 2942 tunc
455 2869 546 2943 forte
567 2867 687 2942 villam
701 2865 913 2968 Jalnngam²
929 2869 1068 2960 oenenti,
1085 2868 1329 2944 nunciandum
1342 2897 1418 2946 err·-

102 2994 203 3068 rarit.
278 2991 349 3084 Qui
370 3015 492 3091 regem
517 3015 601 3066 cum
635 2989 754 3064 arnids
776 2988 979 3088 epulantem
1002 2991 1191 3090 reperiens,
1211 2993 1420 3069 mandatum
1499 2989 1501 2996 ’

103 3114 352 3194 adhortatione
375 3129 629 3214 prosequutus,
653 3111 779 3186 adesse
801 3111 888 3186 belli
907 3111 1109 3188 facultatem
1127 3113 1264 3190 dinnde
1285 3133 1420 3215 postu·-

103 3237 215 3312 latam
238 3251 273 3310 et
295 3233 390 3310 ιιΙῑιι)
413 3236 453 3312 'se
475 3233 673 3314 Vermundi
687 3227 782 3310 rotis'
795 3235 957 3334 ingerere
971 3235 1072 3328 dixit,
1103 3263 1187 3312 com
1204 3253 1240 3310 et
1254 3257 1421 3340 prompta

102 3357 268 3436 docendi
293 3373 479 3456 praestetur
512 3361 650 3434 occasio
680 3373 716 3432 et
746 3371 905 3432 maturus
930 3356 1100 3457 triumphi
1122 3357 1244 3433 titulus
1270 3363 1424 3459 optionis

104 3487 192 3583 ejus
223 3480 366 3554 arbitrio
397 3479 580 3554 tribuatur.
658 3483 826 3580 Magnam
854 3480 973 3578 itaque
997 3497 1031 3553 et
1050 3481 1230 3580 inopinam
1255 3481 1424 3558 felicitatis

104 3603 338 3680 dulcedinem
359 3625 453 3695 esse,
496 3627 607 3702 quam
634 3603 666 3676 ei
691 3600 807 3702 longis
832 3599 1025 3676 affectatam
1052 3607 1212 3702 suspiriis
1242 3609 1425 3704 praesentis

103 3743 256 3806 creabas
272 3725 432 3824 auspicia
450 3723 650 3828 largiantur.
702 3724 849 3800 Venisse
869 3722 1047 3823 siquidem
1062 3723 1238 3802 Athislum
1253 3729 1425 3806 utnume-

103 3853 155 3927 ris
172 3855 352 3926 Sreonum
372 3849 484 3947 copiis
508 3849 739 3934 succinctum,
764 3847 913 3946 perinde
937 3871 979 3920 ac
999 3849 1152 3922 victoriae
1182 3849 1424 3927 certitudinem

157 4184 168 4217 ¹
191 4180 281 4240 Fies
308 4218 337 4235 ..
359 4189 493 4261 paterne
514 4175 672 4258 dignitatis
691 4176 743 4236 lo·
801 4185 894 4238 stata
909 4172 1131 4261 temporeinds
1147 4171 1429 4238 Hsrrrldil’ulttltri-

106 4283 231 4346 roridos
254 4275 362 4360 mlii]
386 4283 453 4343 Hos
473 4279 606 4345 honores
629 4277 743 4342 intelli·
801 4280 882 4343 comi
894 4279 940 4362 (r.
955 4301 980 4344 c.
999 4281 1117 4344 Suomo
1133 4277 1203 4341 bist.
1218 4295 1281 4364 reg.
1297 4283 1429 4365 Norveg.

3 4457 9 4470 ,
105 4387 255 4473 ginSaxo
276 4381 491 4469 prefecturam
513 4385 740 4464 Slesricsnsem
802 4387 902 4452 roll
933 4409 964 4472 p.
995 4381 1064 4450 107.
1121 4381 1253 4446 Harolds
1279 4387 1358 4471 sag,
1376 4404 1430 4451 ,m
1550 4401 1554 4412 ,

105 4494 190 4570 sive,
207 4504 243 4556 ut
264 4490 446 4555 muratis
469 4491 635 4558 Snorronis
656 4493 743 4555 Stnr·
801 4489 891 4554 Harl.
911 4511 979 4576 cap.
998 4489 1064 4572 3⁰).
1332 4525 1337 4534 ·

106 4597 165 4663 lati
181 4596 364 4682 exprimam,
393 4599 451 4660 rtis·
460 4599 577 4681 podiis,
596 4621 653 4660 sem
676 4597 744 4682 least
849 4599 983 4660 ²Vr'llom
995 4591 1312 4681 lalungcthItlattdis
1323 4601 1433 4664 ostda-

108 4698 210 4790 dasili
221 4699 387 4786 lorlsailr'r
407 4703 515 4785 perire.
555 4706 617 4766 Res
639 4700 705 4786 ipsa
728 4722 745 4763 a
802 4699 901 4784 linge,
915 4701 1144 4786 nnnchllinge,
1158 4721 1254 4787 pagan
1265 4704 1434 4770 nnumnil·

109 4805 338 4872 wmsetndlns
359 4826 467 4892 regum
485 4807 653 4874 borealium
664 4803 745 4869 baud
803 4804 923 4870 liariunr
947 4821 1016 4873 cant
1035 4805 1157 4872 senisse
1180 4805 1219 4872 ab
1235 4807 1313 4874 arbe
1338 4809 1434 4892 Vtyle

110 4913 228 4993 aliens,
243 4911 376 4998 quodie
389 4913 541 4998 Norregia
555 4913 661 4978 saltem
674 4931 744 4978 con·
805 4909 927 4978 distros

1142 5018 1240 5114 (¹¹⁴)
