3476 5460
566 379 572 397 .
675 323 905 399 OMUNDUS.
963 389 969 405 ,
1320 319 1392 394 405

328 531 468 600 Nostra
481 531 704 616 Bruoellr're‘s
718 534 834 604 νέηαι
846 546 1039 630 conspecta
1053 530 1230 631 tropiceis.

330 648 428 748 ortt
440 648 589 724 moror?
609 653 799 727 Excedunt
812 677 1014 742 nunrerem,
1029 680 1112 754 quoe
1118 655 1270 752 sortiter
1284 655 1357 748 egi,

325 771 499 874 Quodque
516 799 631 849 manu
645 775 762 872 gesn',
776 777 832 848 ud
844 775 997 850 sodidum
1009 778 1190 853 celebrare
1202 797 1390 850 recensens

323 891 466 990 Defieri)
473 919 491 982 ,⁴
516 913 601 968 sont
614 915 746 972 cuneta
759 925 838 974 meo
859 899 1006 996 rrrojoro
1021 899 1139 972 retuso
1146 925 1162 986 ,·

322 1016 443 1088 Vrizeit
460 1018 710 1117 opossitmom
724 1047 790 1094 nec
806 1046 921 1093 sermo
936 1021 1091 1122 suppetit
1106 1020 1215 1094 octus..

256 1177 344 1244 Haec
359 1173 609 1248 Starcatirerus.
663 1178 836 1268 Tandem,
857 1203 972 1276 quum
988 1177 1184 1250 Hathernm
1201 1179 1324 1246 Lenno
1338 1187 1439 1269 patre

119 1317 242 1374 ortum
266 1312 394 1368 mutuo
416 1319 582 1369 sermone
611 1315 778 1394 expertus
800 1301 942 1389 t'uisset,
964 1299 1247 1371 animadvertens
1270 1299 1438 1394 juvenem

119 1417 315 1522 splendido
333 1417 415 1490 ioco
434 1433 574 1510 natum,
599 1419 799 1494 feriendum
822 1425 856 1494 ei
870 1421 1039 1522 jugulum
1062 1420 1232 1519 prsoiroit,
1268 1420 1438 1504 hortatus,

120 1571 170 1620 ne
184 1571 205 1617 a
220 1541 375 1641 parentis
392 1545 447 1614 sui
462 1541 688 1614 interfectore
706 1567 833 1646 poenas
851 1550 992 1642 exigere
1008 1557 1197 1616 vereretur.
1268 1543 1353 1612 Haec
1378 1540 1437 1610 ia·-

122 1675 277 1743 cientem
294 1685 403 1752 auro,
436 1661 539 1760 quod
569 1669 783 1738 aLennone
799 1682 1000 1764 receperat,
1024 1668 1221 1770 potiturum
1245 1687 1321 1736 esse
1345 1685 1437 1760 pro—

120 1795 237 1864 mittit.
288 1787 335 1856 Et
355 1799 393 1855 ut
408 1783 573 1881 ejusdem
591 1787 626 1856 in
647 1809 686 1858 se
711 1785 950 1861 vehementius
967 1795 1125 1859 anirnum
1144 1785 1324 1876 eiieraret,
1361 1785 1435 1856 iru—

118 1909 281 2016 josmodi
302 1899 546 1980 exhortatione
565 1931 654 1982 usas
671 1903 749 1982 esse
764 1895 948 1983 traditur¹s

255 2071 453 2152 Praetereo,
469 2063 645 2154 Hotlzere,
654 2066 812 2166 prioooi
826 2083 859 2138 te
870 2081 980 2166 petre
997 2073 1124 2140 Lenrm
1131 2099 1147 2157 ,·

188 2273 190 2278 ,
256 2195 366 2264 Hono
389 2185 490 2277 milri,
507 2212 645 2288 quera,
663 2189 779 2260 oseem
793 2189 955 2286 referor,
980 2205 1016 2262 et
1031 2189 1126 2264 obire
1143 2191 1319 2263 ‘uolentem

257 2315 383 2386 Sterne
398 2335 532 2398 senem,
548 2309 788 2412 jugulumque
810 2337 927 2383 nwum
934 2326 1020 2414 pete
1035 2293 1179 2384 arundeis
1181 2311 1301 2414 ferro.

257 2435 397 2536 Quippe
414 2455 565 2534 operam
582 2431 679 2505 clari
689 2457 791 2505 mens
797 2434 1025 2536 percussoris
1040 2433 1208 2536 adoptat,

254 2563 388 2634 Horret
402 2554 451 2627 ab
468 2554 612 2654 geneva
619 2553 751 2654 sotrum
764 2554 955 2658 deposcere
973 2555 1116 2628 dextre.

255 2685 389 2783 Sponte
396 2677 468 2781 pio
485 2679 599 2777 legem
605 2677 692 2778 soti
700 2678 1010 2781 praecurrerefes
1036 2697 1100 2753 est.

258 2799 366 2906 Quod
384 2825 543 2900 nequeas
547 2799 689 2900 fugere
688 2857 704 2890 ,
721 2799 788 2876 lroe
811 2818 921 2874 etiam
938 2801 1146 2904 anticipare
1161 2799 1282 2872 licebit.

255 2925 374 3000 Arbor
386 2921 523 2996 alenda
537 2947 676 3012 reeens,
692 2940 796 2996 vetus
808 2923 1021 2998 ermilenda.
1051 2922 1214 2996 Mr‘ruster

255 3055 413 3125 Naturae
426 3063 493 3134 est,
507 3044 668 3149 quisquis
671 3046 767 3144 sato
782 3046 1098 3149 confiniasundit,
1252 3037 1256 3042 ¹

254 3175 303 3244 Et
315 3169 454 3258 sternit,
469 3167 678 3272 quod-stare
701 3171 831 3272 nequit.
884 3173 985 3243 Mors
1002 3169 1137 3272 optrina
1153 3183 1238 3239 tone
1265 3162 1330 3252 e'st,

255 3297 375 3394 Quum
384 3293 536 3394 petz'tur,
561 3293 716 3393 oitaeque
720 3293 841 3395 piget,
866 3291 1108 3394 quumsunus
1130 3304 1293 3379 uniatur,

253 3421 311 3490 Ne
328 3415 477 3490 nu'seros
490 3439 601 3488 casos
620 3415 849 3488 incommoda
863 3431 1034 3518 proroget
1048 3428 1150 3487 cetos.
1297 3410 1302 3424 '

116 3583 210 3654 Haec
235 3573 356 3648 dicens
385 3588 540 3646 exertam
565 3599 733 3647 crumena
759 3573 950 3672 pecuniam
971 3578 1113 3670 promit.
1165 3569 1344 3644 Hatherus
1360 3593 1432 3640 ou-

118 3721 205 3793 tem,
222 3716 294 3773 tam
318 3695 459 3769 iruendi
483 3699 562 3770 reris
588 3721 699 3794 quam
724 3714 880 3794 patemae
906 3695 1047 3770 ultionis
1069 3693 1297 3792 capessendae
1323 3691 1427 3788 cupi-

116 3823 206 3896 dine
220 3821 424 3911 concitatos,
450 3817 710 3892 obsecuturum
729 3845 768 3893 se
793 3819 963 3918 precibus
997 3841 1064 3890 nec
1093 3819 1239 3915 praemia
1259 3813 1431 3911 repulsu·-

116 3971 216 4036 rum,
231 3940 434 4042 spopondit.
491 3943 558 4016 Cui
572 3941 812 4016 Starcotirerus
829 3943 961 4042 cupide
977 3965 1063 4015 ense
1077 3941 1248 4038 praebito,
1281 3963 1431 4035 pronam

117 4063 356 4168 postmodum
372 4069 548 4138 cervicem
564 4065 753 4161 applicuit,
781 4093 826 4138 ne
850 4065 971 4138 timide
996 4064 1217 4162 percussoris
1232 4085 1326 4156 opus
1341 4083 1430 4130 oxe-

115 4205 293 4290 queretur
316 4203 377 4259 aut
407 4187 503 4258 ierro
525 4185 746 4258 muliebriter
763 4205 938 4278 uteretur,
963 4187 1140 4275 hortatus,
1173 4183 1430 4282 prensatasque,

116 4310 235 4414 qood,
252 4312 283 4386 si
299 4327 441 4410 peracta
464 4307 573 4402 caede,
600 4325 680 4382 ante
695 4308 879 4384 cadaveris
892 4310 1036 4406 lapsum
1066 4323 1175 4406 capot
1198 4330 1241 4380 ue
1266 4320 1430 4377 truncum

116 4433 259 4509 medius
269 4433 483 4525 interstite,
503 4433 611 4506 armis
630 4437 805 4508 mnoouus
818 4429 1034 4544 redderetur.
1104 4428 1209 4523 Quod
1227 4444 1346 4500 utrum
1368 4425 1429 4494 in-

165 4755 368 4838 ¹Hujusmodi
384 4754 584 4818 exhortatione
600 4775 668 4814 usus
686 4775 746 4814 esse
804 4747 1031 4814 sorensium
1051 4745 1280 4830 liethernmque
1300 4743 1427 4808 dirotini

116 4851 266 4936 tradetur]
287 4857 334 4924 De
353 4857 533 4942 antiquitate
552 4857 640 4940 hujus
666 4859 746 4922 inter
810 4853 867 4918 rid.
883 4866 947 4918 not.
964 4851 1047 4914 uber.
1310 4855 1313 4860 '
