3506 5458
372 323 448 400 524
600 263 603 272 ι
722 327 899 404 HISTOll.
912 327 1171 404 nattttttntt
1186 329 1229 400 X.

320 551 391 626 *Μ’
405 535 469 610 tria
484 553 752 636 praememorata
759 563 869 642 regna
884 542 1105 632 canonicos,
1125 535 1447 628 maenium,
1455 559 1519 612 sex
1534 535 1620 608 mil-

252 703 254 707 ·
319 657 407 732 lium
426 684 616 737 numerum
639 663 879 764 explentcm1,
909 669 1087 762 sexaginta
1111 645 1261 760 navigiis
1290 657 1417 734 cultius
1441 665 1621 757 apparatis

319 770 523 883 eorumqud
533 785 695 884 quolibet
710 801 878 860 centenos
892 803 1048 860 armatos
1063 790 1222 882 capiente
1235 781 1397 856 distinxit.
1447 779 1634 866 [landonis

320 919 438 978 assmte
452 931 522 1004 pro
530 907 662 980 tuendo
676 911 827 1008 imperio
842 907 1085 998 excubantem,
1096 901 1226 1003 hyeme
1234 903 1474 978 contuberniis
1482 902 1622 978 discre-

319 1041 392 1104 tam
421 1027 517 1102 alere
536 1036 727 1105 consvevit.
789 1030 973 1104 Mensibus
998 1027 1174 1126 stipendia
1197 1026 1435 1100 notabantur.
1494 1032 1526 1098 A
1548 1051 1622 1124 qno

319 1147 605 1250 Ulvotempore,
633 1179 707 1250 quo
725 1179 845 1226 rerum
861 1168 965 1226 autor
989 1131 1176 1224 nobiscnm
1200 1150 1496 1224 immortalitatem
1520 1173 1620 1222 suam

318 1276 440 1370 partiri
459 1275 582 1366 voluit,
608 1301 726 1349 annuo
741 1276 907 1350 feriarum
923 1277 1071 1349 circuitu
1094 1279 1262 1371 repetito,
1287 1272 1386 1372 apud
1403 1271 1622 1346 Roslxildiam

318 1398 561 1472 convivialitcr
582 1403 780 1493 accersitus,
805 1415 997 1498 postquam
1023 1396 1229 1470 industriam
1251 1394 1457 1468 temulentia
1481 1396 1621 1484 visan,

317 1541 442 1592 merses
460 1547 577 1620 nuper
591 1523 721 1596 militiae
742 1522 881 1596 cladem
905 1525 1085 1593 nocturnis
1117 1517 1265 1592 landum
1289 1542 1435 1592 suarum
1456 1513 1633 1588 cantibus.

222 1641 230 1656 ⁸
318 1637 536 1716 celebrabat.
596 1651 719 1745 Aqno
736 1672 797 1720 rex
815 1669 964 1719 suorum
989 1641 1057 1714 sibi
1083 1641 1243 1741 pericula
1269 1640 1389 1740 palam
1410 1636 1619 1736 exprobrari

316 1761 500 1862 judicans,
527 1765 743 1842 vehementis
772 1771 833 1839 irae
863 1789 1081 1864 procursum
1103 1764 1295 1838 adversum
1324 1760 1619 1836 contumeliosum

317 1887 397 1984 ejus
412 1911 552 1962 cannen
567 1889 764 1982 destrinxit,
788 1888 972 1988 indignum
988 1903 1085 1960 ratus
1100 1913 1144 1961 eo
1159 1890 1311 1960 conviva
1328 1891 1412 1974 uti2,
1426 1887 1531 1982 cujus
1544 1881 1619 1956 du-

317 2026 379 2084 ctu
392 2031 431 2082 se
448 2009 645 2087 fortissimis
659 2009 989 2111 propugnatoribus
1009 2010 1201 2110 spoliatum
1225 2025 1452 2107 cognoverat
1512 2010 1619 2104 lgitur

316 2129 410 2204 Ulro
424 2137 514 2206 inter
529 2139 604 2232 ipsa
630 2157 761 2208 mensae
775 2159 875 2208 sacra
895 2133 944 2205 ab
957 2133 1152 2208 astantibus
1166 2131 1314 2204 interfici
1332 2133 1456 2230 jussus
1481 2130 1617 2226 proeci-

315 2252 539 2354 pitislingvae
553 2258 645 2354 justa
668 2257 845 2356 supplicia
859 2255 1065 2356 pependit³.
1123 2259 1186 2344 lta,
1207 2253 1295 2327 dum
1319 2252 1433 2326 aliena
1454 2251 1525 2323 iata
1544 2273 1616 2347 pa-

315 2401 397 2450 rum
411 2377 531 2452 sobrie
545 2381 714 2471 meminit,
739 2407 804 2456 sua
820 2382 962 2470 cecinit,
986 2384 1208 2478 siccatosque
1224 2376 1355 2476 cupide
1370 2373 1497 2450 calices
1524 2397 1614 2472 pro-

308 2683 489 2768 patrirnonia
539 2681 735 2767 apricopatam
785 2684 938 2766 dispensem
996 2681 1092 2744 tantia
1115 2694 1276 2745 narrantur
1298 2679 1336 2744 de
1357 2677 1611 2748 Barcha-canuto,

314 2803 436 2848 narrent
440 2785 624 2871 sandinum,-
649 2811 730 2871 quem
745 2789 853 2848 dadum
867 2791 939 2848 Bre-
996 2785 1035 2850 ed
1049 2787 1198 2850 &nutum
1210 2792 1353 2872 Magnum
1373 2805 1436 2850 csse
1451 2778 1611 2846 referenda.

313 2915 367 2956 moe
376 2893 482 2954 scholis
496 2894 638 2956 traditum
650 2895 792 2978 Pontifex
804 2895 938 2956 adalda-

311 3021 370 3082 gus
390 2999 521 3060 manr'bus
546 3001 608 3062 suis
631 3001 806 3086 baptizavit,
832 3021 938 3083 suoque

312 3107 425 3166 nomine
438 3103 628 3186 Adaldagum
640 3110 763 3168 coracio
786 3111 818 3167 Is
830 3131 901 3190 argo
916 3132 935 3170 a

311 3211 442 3270 libentii>
465 3211 679 3297 archiepiscopo
693 3235 768 3273 nanc
782 3214 936 3274 ordinatas

1042 2939 1055 2972 ²
1067 2936 1195 2998 Conviva
1209 2931 1267 3014 uti]
1286 2931 1342 2996 Ed.
1356 2955 1402 3017 pt.
1417 2931 1509 2994 habet
1522 2929 1610 2990 conci·

994 3044 1087 3102 canti.
1106 3039 1288 3123 stephanius
1310 3038 1460 3102 lenissima
1480 3029 1609 3097 emenda·

992 3146 1076 3209 tione
1088 3167 1208 3209 sensum
1223 3143 1355 3208 reddidit
1371 3139 1569 3208 commodum.

312 3320 343 3378 in
363 3330 465 3398 gentes
484 3317 567 3401 apud
580 3319 686 3402 Ilipam
705 3321 799 3382 sedern
815 3325 935 3408 accepit.
1039 3319 1135 3381 ³Ulvo
1154 3361 1178 3378 ..
1199 3317 1343 3402 supplicia
1365 3308 1518 3401 pependit]
1538 3311 1607 3371 Con·

311 3424 390 3486 Nam
404 3437 432 3482 et
447 3423 558 3484 illustri
573 3427 636 3484 viia
650 3441 679 3485 et
696 3443 805 3488 satiata
819 3449 937 3489 conrar-
994 3423 1088 3486 sentit
1109 3421 1231 3510 quidem
1251 3423 1368 3484 Snorro
1384 3417 1531 3482 Sturlaeua
1547 3433 1607 3476 eum

311 3529 503 3588 satrbnisDeo
515 3529 856 3617 etlominibasacceptas
868 3549 935 3592 erar
994 3528 1113 3590 Saxone
1125 3529 1156 3588 in
1176 3548 1223 3606 eo,
1244 3525 1328 3611 quod
1351 3523 1507 3586 nonnulla
1528 3539 1606 3584 rocas

310 3649 340 3696 et
353 3633 603 3696 christianitatem
616 3640 645 3696 in
658 3639 758 3698 Dania
767 3638 934 3722 jorn'ssime
993 3633 1031 3694 de
1044 3632 1129 3696 clade
1146 3637 1303 3695 Dacorum
1318 3629 1397 3716 apud
1411 3651 1528 3693 amnem
1542 3631 1607 3691 Hel·

310 3739 450 3824 defendit.
499 3739 592 3802 Plura
605 3738 642 3802 de
655 3741 812 3805 Odinltaro
828 3741 887 3803 vid.
901 3744 933 3803 in
993 3759 1040 3822 ge,
1061 3739 1248 3823 quaeUlroni
1260 3737 1341 3800 inter
1355 3737 1527 3800 convivium
1539 3739 1607 3798 iios·

309 3845 422 3928 Script.
436 3864 495 3908 rer.
508 3847 587 3906 Dan.
600 3845 658 3908 rol.
676 3849 731 3912 Vll
744 3869 773 3930 p.
790 3843 858 3920 185.
992 3843 1094 3906 lrildiae
1114 3841 1309 3924 excidissent,
1337 3855 1368 3906 et
1390 3844 1467 3906 iram
1482 3843 1560 3927 regis
1580 3851 1607 3902 st

355 3951 547 4016 ¹Ciientelam
566 3975 618 4012 sea
640 3955 759 4014 maiitiam
782 3977 929 4016 numeram
989 3948 1153 4012 vindictam
1173 3949 1239 4034 ejus
1258 3952 1503 4034 provocaverint.
1553 3943 1608 4012 Sed

307 4055 480 4146 explentem]
510 4059 600 4120 Juxta
631 4061 802 4122 Srenonern
825 4061 930 4143 Agga—
991 4055 1083 4120 rerba
1096 4058 1221 4121 Ulronis
1236 4056 1274 4118 ab
1294 4069 1425 4142 utroque
1439 4055 1554 4120 diverse
1567 4050 1608 4116 ai·

251 4247 253 4255 K
307 4165 355 4226 nis
370 4160 421 4245 (de
436 4160 527 4247 legib.
543 4176 686 4226 asaneus.
705 4166 814 4228 Canuti
828 4169 929 4248 Magn.
989 4160 1129 4226 feruntur
1148 4183 1207 4248 pro
1223 4161 1349 4225 diversis
1367 4153 1522 4247 partibus,
1541 4179 1609 4245 qm

307 4291 375 4354 cap.
386 4267 418 4349 2,
433 4272 464 4332 in
475 4269 586 4354 arripi
594 4289 653 4332 rer.
669 4273 747 4332 Dan.
765 4273 826 4334 rol.
840 4275 879 4334 lll
898 4257 929 4358 p'.
989 4283 1116 4354 uterque
1139 4282 1228 4334 autor
1253 4268 1418 4332 Ulroni‘in
1442 4291 1543 4354 pugna
1561 4289 1609 4329 nu·

308 4369 382 4458 141)
418 4375 549 4460 phalanx
594 4377 719 4456 Canuti,
768 4377 929 4461 Thinglith
990 4397 1045 4459 per
1070 4388 1235 4438 memorata
1256 4374 1428 4458 assignavit.
1484 4379 1607 4438 Preter-

306 4483 479 4570 appellata,
500 4483 558 4546 tria
587 4483 682 4545 millia
706 4483 836 4546 militum
855 4485 931 4547 sele·
989 4503 1024 4546 ea
1045 4485 1162 4546 Snorro
1191 4481 1275 4560 (hiat.
1296 4501 1360 4564 reg.
1380 4485 1474 4546 Norr.
1508 4480 1605 4544 rolli

306 4601 426 4654 storum
442 4589 598 4674 complexa
612 4602 666 4652 eat.
712 4589 773 4654 Sed
788 4613 857 4654 cunr
869 4594 932 4653 No·
990 4611 1021 4674 p.
1045 4585 1176 4667 atott)
1202 4587 1316 4651 ondam
1343 4587 1470 4653 Ulronis
1500 4605 1558 4647 non
1576 4583 1603 4644 in

305 4692 453 4766 strofacit
464 4709 553 4761 sutor
564 4695 701 4759 chronici
710 4695 927 4782 Erici(Script.
989 4695 1057 4780 ipso
1069 4695 1204 4759 triclinio
1217 4694 1270 4757 scd
1284 4693 1333 4757 die
1347 4695 1485 4782 sequenti
1502 4695 1531 4754 in
1546 4688 1604 4752 eds
1724 4682 1735 4704 ⁸

305 4817 365 4862 rer.
378 4801 530 4864 Danvol.
545 4803 602 4885 ip.
618 4799 701 4879 159).
741 4807 832 4868 Patet
847 4803 927 4866 enim
987 4800 1034 4864 sti
1053 4801 1140 4863 Lucii
1160 4800 1262 4880 (antea
1281 4803 1346 4866 Stae
1358 4799 1529 4878 Trinitatis)
1540 4816 1601 4881 per·

305 4904 410 4985 enisis,
431 4925 500 4988 quaa
516 4905 554 4966 ab
570 4925 607 4969 eo
624 4921 730 4970 autore
747 4929 829 4971 mera
849 4911 926 4972 osci·
988 4919 1084 4970 actam
1101 4905 1191 4972 inisse
1205 4907 1318 4970 scribit.
