3442 5456
616 325 805 400 motato
830 329 885 402 lll.
1283 333 1358 406 tte

90 539 308 612 domesticas
327 555 447 636 pestes
462 544 685 612 severitatem
701 561 806 612 snam
820 535 1028 638 distringere
1044 563 1144 614 curae
1162 539 1305 634 habuit,
1319 552 1408 644 qui-

89 664 163 736 bus
180 659 396 735 tumefactae
411 677 533 760 gentes
558 657 838 759 tranquilliorem
854 662 936 734 vitae
959 685 1067 734 nsum
1088 663 1409 762 apprehenderent,

89 809 135 856 ne
148 799 364 882 propagatae
386 785 487 881 pacis
505 785 664 856 incessus
689 779 764 854 ullo
788 781 1015 880 malignitatis
1040 785 1228 860 obstaculo
1252 786 1410 862 laedere-

89 925 157 980 tur.
200 903 357 980 Providit
371 927 532 1003 qnoque,
548 927 604 994 ne„
618 921 778 977 comante
791 904 905 996 hoste,
930 906 1042 980 civilis
1058 909 1208 1006 patriam
1224 910 1301 984 lues
1319 937 1410 986 exe-

89 1030 212 1118 deret,
235 1045 298 1101 ant
315 1045 399 1126 post
413 1043 569 1100 exteram
593 1049 721 1124 pacem
738 1026 933 1102 domestica
952 1047 1174 1127 grassaretur
1188 1033 1410 1130 improbitas.

93 1156 256 1252 Denique
274 1154 309 1222 in
325 1153 439 1239 latia,
470 1166 641 1247 tanquam
667 1150 703 1220 in
721 1151 838 1248 capite
862 1153 983 1249 regni¹
1003 1156 1070 1241 stri,
1094 1155 1216 1251 magni
1239 1156 1410 1252 ponderis

91 1299 237 1348 numam
268 1272 444 1344 armillam
477 1273 586 1344 triviis
610 1271 702 1371 nliigi
737 1278 888 1359 curavit,
931 1271 1053 1346 odictse
1086 1297 1173 1347 ase
1200 1276 1409 1352 innocentiae

92 1399 374 1496 experimentum
397 1411 469 1466 tam
492 1395 639 1492 insignis
663 1394 799 1492 praedae
822 1393 1040 1468 documento
1061 1395 1223 1471 daturus.
1295 1403 1411 1500 Cujus

94 1523 350 1592 irritamentum
372 1539 583 1616 quanquam
607 1518 792 1616 improbas
816 1517 1002 1590 lacesseret
1037 1536 1172 1594 mentes
1204 1543 1246 1593 ac
1273 1525 1412 1598 sinistra

92 1643 281 1716 solicitaret
297 1643 461 1738 ingenia,
489 1639 687 1736 superabat
715 1656 831 1712 tamen
857 1639 1077 1714 indubitatus
1110 1623 1256 1740 periculi
1283 1663 1411 1722 metus.

91 1769 203 1838 Tanta
229 1761 406 1860 siquidem
433 1760 685 1834 Prothonianae
711 1763 903 1860 majestatis
917 1768 1213 1857 sonoritarum,
1245 1775 1410 1844 utetiam

92 1908 221 1961 numm
247 1891 382 1983 rapinae
409 1887 608 1983 expositum
634 1884 782 1984 perinde
807 1909 850 1957 ac
874 1885 1282 1962 firmioribus'clausnis
1303 1889 1410 1966 obsi÷

93 2029 169 2084 tum
187 2025 352 2084 meretur.
418 2011 533 2106 Cujus
550 2008 601 2079 rei
619 2009 755 2082 novitas
782 2013 959 2106 ingentem
977 2011 1093 2080 autori
1108 2008 1303 2085 claritatem
1315 2039 1410 2088 con-
1546 2018 1550 2024 ’

92 2137 184 2208 sirit.
255 2133 326 2224 Qui
360 2153 475 2228 quum
494 2132 638 2227 patratis
653 2130 723 2204 late
741 2128 902 2204 caedibus
921 2131 1074 2227 insignes
1091 2131 1232 2230 ubique
1245 2140 1411 2215 victorias

95 2255 283 2343 elidunt,
308 2261 418 2326 ouum
444 2252 611 2326 onmibus
636 2275 787 2354 crogare
811 2254 1000 2344 consenuit,
1026 2269 1066 2326 ut
1084 2257 1184 2351 pacis
1206 2257 1411 2356 jucunditas

93 2378 273 2452 bellorum
295 2377 465 2449 atrocitati
489 2373 709 2466 succederet,
741 2391 777 2448 et
801 2374 911 2448 cladis
932 2375 1014 2448 linis
1036 2374 1157 2450 salutis
1178 2379 1315 2457 ninum
1347 2387 1410 2460 io-

93 2519 154 2574 ret.
205 2497 274 2571 Sotl
294 2515 329 2570 et
344 2499 504 2588 omnium
519 2519 607 2593 opes
628 2495 679 2569 ob
694 2495 766 2570 hoc
783 2503 935 2572 maxime
960 2495 1066 2572 edicti
1087 2500 1308 2577 munimento
1325 2508 1410 2582 vai.

93 2621 220 2696 landas
236 2621 389 2712 curarit,
414 2643 460 2690 ne
476 2619 574 2694 domi
599 2634 781 2718 raptorem
796 2623 1012 2710 invenirent,
1038 2643 1121 2718 quae
1140 2621 1227 2698 soris
1248 2623 1411 2708 hostibus

95 2747 300 2820 caruissent.
347 2791 353 2800 -

227 2871 297 2939 Per
317 2863 412 2938 idem
436 2881 579 2960 tempus
597 2863 754 2962 publicae
771 2865 896 2940 salutis
915 2869 1060 2940 auctor²
1082 2862 1259 2942 mnndum
1274 2887 1409 2969 perm-

94 2991 143 3064 do
161 2987 424 3064 servandorum
447 2985 650 3076 monalium
674 2994 785 3087 patin
813 2986 1033 3062 mortalitatis
1058 2986 1219 3062 habitum
1246 2993 1411 3093 amplecti

96 3113 280 3200 sustinuit,
303 3131 387 3184 cnm
411 3111 488 3209 jam
504 3125 620 3198 terras,
636 3111 759 3208 sopitis
774 3109 955 3184 bellorum
978 3109 1164 3204 incendiis,
1189 3116 1413 3196 serenissimo

94 3231 357 3334 tranquillinus
378 3239 452 3306 otio
468 3232 681 3308 fruerentur.
739 3231 923 3306 Creditum
947 3250 1012 3324 est,
1035 3249 1108 3308 tam
1127 3235 1288 3332 profusae
1310 3245 1413 3339 pacia

96 3353 368 3455 amplilnlinem
405 3355 544 3454 nbiqne
568 3355 743 3452 aequalem
775 3381 844 3430 nec
883 3355 964 3432 ullis
991 3354 1088 3428 orbis
1108 3357 1272 3454 partibus
1297 3363 1414 3438 iater-

96 3494 240 3578 ruptam
262 3499 336 3552 πω
354 3477 446 3552 adeo
471 3493 613 3550 terreno
626 3481 849 3577 principatui,
872 3501 982 3576 mam
998 3477 1117 3552 divino
1139 3487 1230 3554 omni
1253 3483 1412 3562 lanaria-

91 3620 168 3674 mm
181 3601 303 3692 iniere,
317 3599 534 3700 sonitusque
547 3614 699 3700 gestum,
721 3615 762 3676 ut
775 3601 979 3676 inusitatum
1000 3605 1174 3703 temporis
1197 3604 1413 3688 beneficium

96 3739 530 3822 prem-temporum
551 3739 739 3800 testaretur
754 3741 927 3799 autorem.
1229 3713 1234 3728 ’
1488 3729 1493 3736 “

142 4052 200 4112 'Ia
215 4051 303 4112 lutt'a
314 4065 454 4131 tanquam
466 4053 496 4110 ia
509 4053 605 4138 capt'te
626 4047 725 4134 tegat]
828 4053 910 4116 ²Per
930 4051 1004 4114 idem
1026 4067 1139 4140 tempus
1157 4055 1284 4139 publico
1308 4063 1416 4126 salutr's

97 4157 142 4216 Ex
156 4166 260 4218 mente
272 4153 539 4222 SaxonisFrotho
559 4166 642 4218 certe
658 4167 725 4218 erat
783 4151 885 4236 aanor]
904 4153 1018 4239 Opinio
1040 4170 1106 4222 erat
1129 4157 1230 4222 medio
1253 4183 1321 4226 ento
1341 4166 1431 4230 satis·
1466 4175 1471 4196 '

96 4281 149 4324 rex
163 4259 357 4340 Mhrsnais,
376 4274 407 4326 et
421 4283 474 4326 arx
488 4259 663 4326 Lethnensis
679 4279 725 4324 se-
783 4261 926 4345 rulgsris‚
946 4262 1026 4326 circa
1038 4261 1228 4328 nativitatem
1242 4267 1417 4336 Serratoria
1513 4281 1519 4298 '

95 4365 259 4451 dearegim
272 4365 326 4430 noti
339 4369 422 4434 intia
437 4367 490 4436 hie
504 4363 615 4432 dicitu*
631 4378 724 4451 capnt
784 4385 891 4452 paoem
912 4385 976 4430 non
1004 4365 1097 4429 motlo
1125 4367 1158 4432 in
1178 4367 1254 4433 orbe
1274 4373 1416 4441 Romano

95 4471 201 4557 regni,
229 4471 316 4556 quia,
343 4485 378 4538 ut
407 4474 509 4545 vorbis
536 4472 664 4538 suono
692 4471 725 4534 iu
786 4471 840 4536 set
857 4491 916 4558 pu·
925 4483 1024 4539 tonum
1041 4475 1313 4542 terrarnmorbem
1330 4482 1417 4568 rigo·

96 4575 282 4663 prefatione
294 4592 379 4658 utar,
392 4583 479 4644 hem
491 4583 677 4665 gracilitatis
686 4585 731 4643 ia·
790 4579 847 4644 tue
854 4600 865 4658 3
884 4575 945 4644 riti.
960 4589 1023 4640 not.
1037 4577 1121 4644 aber.

96 4685 315 4770 domuique
353 4690 467 4753 aaran
505 4689 617 4750 Danubi
648 4690 735 4768 regni

95 4795 275 4876 principium
301 4809 388 4856 tenet.
