3520 5462
355 313 408 404 ts
695 323 883 399 nnsnos.
896 323 1003 398 nnn.
1021 323 1159 398 tunes
1175 327 1215 398 n.

304 539 547 621 seucum?
570 541 764 640 Ninqearu
788 535 879 610 deos
900 551 975 610 turn
992 521 1331 635 ioleetcsexpericr,
1356 555 1395 611 ut
1419 541 1536 610 sinum
1554 555 1619 634 pa·

306 682 410 740 tunt
433 663 603 760 avitoque
641 661 795 757 pecunie
820 657 992 732 refertum
1025 673 1100 732 tem
1129 659 1229 756 justo
1251 655 1361 736 onec
1385 662 1621 738 vacuefecerat

308 785 516 887 compellar.
574 783 666 858 Novi
689 781 878 854 Dacorum
897 778 1041 874 laxum3
1073 804 1261 878 nunquam
1289 784 1397 884 plena
1421 791 1510 862 meti
1533 810 1622 862 vasa

308 911 513 1011 liquiseent,
537 909 574 978 ni
594 901 902 1001 unce-aningere
924 899 1165 1000 commiscet.
1223 907 1376 984 Facilius
1391 913 1501 985 vitam
1516 911 1622 985 dese-

306 1035 473 1121 ruissent,
497 1053 607 1128 quam
631 1027 765 1102 vinnm.
815 1026 1027 1099 Communis
1040 1023 1102 1098 bic
1115 1025 1222 1102 nobis
1235 1029 1377 1104 allectio
1392 1045 1464 1124 est,
1494 1031 1564 1106 bac
1578 1033 1621 1106 il·

308 1157 354 1230 lis
375 1155 530 1254 imagine
545 1147 818 1250 respondemus.
880 1150 987 1235 Esto,
1013 1145 1138 1247 fugam
1153 1147 1338 1244 finxerint,
1355 1169 1436 1229 aute
1452 1160 1621 1228 tamenin

310 1281 435 1352 Scctcs
452 1271 618 1364 insident,
635 1297 746 1372 quam
760 1261 925 1369 regredi²
941 1287 1086 1368 queant.
1132 1273 1323 1370 Nunquam
1340 1281 1461 1372 porcis
1474 1277 1622 1375 procul.

294 1398 466 1473 ‘mudum
489 1411 552 1470 ant
572 1393 701 1469 belluis
728 1395 800 1471 hoc
824 1419 954 1467 nurum
976 1417 1063 1466 rure
1086 1391 1284 1492 squalebit,
1316 1393 1476 1472 humano
1492 1397 1622 1473 mellus

308 1524 391 1598 usui
407 1521 633 1595 serviturum.
674 1521 860 1607 Prteterea,
875 1519 906 1591 si
919 1517 1106 1607 exercitus,
1122 1541 1144 1588 a
1160 1539 1235 1614 quc
1253 1519 1336 1590 victi
1352 1541 1489 1612 sumus,
1505 1519 1623 1620 spolia

308 1647 484 1744 rapimus,
507 1639 688 1714 lortnnam
702 1643 738 1712 in
761 1655 902 1714 nosmet
915 1643 1062 1714 victoris
1075 1637 1332 1714 transierimus.
1392 1639 1503 1734 Quod
1524 1645 1621 1716 enim

310 1772 442 1842 certius
455 1768 613 1838 rictorioe
635 1764 852 1862 praesagium
874 1763 991 1861 accipi
1012 1777 1154 1861 posset,
1187 1785 1299 1861 qnam
1320 1785 1481 1861 pugnam
1496 1759 1623 1860 praeda

310 1909 545 1989 proecmrere,
559 1901 750 1984 emurque
763 1884 811 1958 eb
835 1882 1000 1958 hostibus
1015 1881 1157 1958 deserte
1178 1899 1260 1960 ente
1282 1884 1454 1985 proelium
1471 1887 1623 1983 capere?

311 2012 428 2086 &tius
445 2025 504 2084 est
514 2023 612 2082 metu
627 2009 757 2082 vicisse
772 2031 884 2106 quam
905 2005 1012 2080 ferro

383 2190 393 2200 ,
441 2133 670 2206 Finieratvix
691 2153 804 2229 eques
819 2146 854 2202 et
871 2154 957 2202 ecce
975 2131 1138 2202 omnium
1165 2127 1288 2204 effuse,¹
1309 2131 1346 2202 in
1361 2126 1525 2227 praedem
1545 2149 1625 2200 ma·

309 2281 380 2332 uus
395 2253 506 2330 nitida
524 2259 656 2354 passim
673 2278 744 2326 cera
761 2277 938 2352 carpsere.
990 2253 1191 2326 Mimrerts³
1210 2251 1283 2326 illic
1303 2251 1490 2327 obscoene
1508 2247 1625 2326 artot-

311 2384 394 2454 tatis
404 2383 609 2478 ingenium,
630 2374 808 2475 speculari
833 2397 960 2476 posses
973 2381 976 2390 '
987 2371 1266 2450 immoderatum
1281 2373 1487 2474 cupiditatis
1503 2395 1628 2446 emm·

310 2500 424 2602 plum
474 2499 624 2574 Videres
640 2523 725 2572 cum
745 2501 907 2598 gramine
921 2498 1055 2596 pariter
1078 2517 1209 2570 atnnm
1226 2496 1397 2589 convelli,
1418 2499 1626 2570 intestinum

310 2623 498 2700 dissidium
514 2628 623 2714 nasei,
639 2623 877 2696 immemores·
889 2619 1046 2694 hostium
1064 2620 1161 2694 rives
1177 2617 1274 2694 serrc
1290 2619 1496 2711 decernere,
1521 2618 1626 2692 lami·

310 2747 469 2822 lisritutis
483 2748 576 2845 jura,
590 2745 768 2820 societatis
783 2761 990 2842 respectum
1014 2740 1160 2842 negligi,
1182 2745 1368 2818 cuondam
1381 2765 1520 2833 omnes,
1536 2743 1627 2815 ami·

310 2872 413 2950 emas
434 2873 615 2944 neminem
631 2867 769 2939 intueri.

443 2993 582 3062 Interea
595 2985 732 3062 Frotbo
746 2985 884 3079 silvam,
912 3011 996 3086 qnae
1020 2989 1174 3062 Scotiam
1189 2990 1480 3084 Britanniamque
1504 3005 1628 3060 secer·

311 3114 399 3204 nit⁴,·
422 3126 526 3207 vaste
539 3112 665 3184 itinere
679 3135 901 3210 permensus,
924 3133 1023 3184 arma
1039 3109 1167 3184 milites
1185 3135 1318 3212 cupere
1340 3113 1454 3211 jubet
1508 3114 1627 3210 Cujus

311 3236 427 3308 aciem
448 3230 625 3330 speculati
642 3235 749 3324 Secti,
779 3259 865 3308 cum
879 3233 949 3310 sibi
965 3232 1058 3308 levia
1073 3249 1212 3306 tautum
1227 3232 1300 3332 pile
1316 3250 1522 3334 suppetere,
1549 3237 1627 3308 Da-

311 3371 381 3430 nos
396 3379 484 3430 reru
508 3357 746 3454 praestantiori
760 3372 951 3430 armaturae
966 3377 1098 3455 genere
1121 3355 1238 3430 cultus
1262 3359 1530 3456 conspicerent,
1555 3381 1625 3458 pu·
1751 3345 1752 3434 i

312 3503 421 3578 gnam
435 3478 523 3579 luga
542 3479 776 3577 preventum
818 3476 821 3485 '
837 3481 938 3573 Quos
954 3477 1092 3554 Frotbo
1108 3480 1318 3554 britannicae
1331 3479 1512 3554 effusionis
1526 3495 1626 3554 metu

311 3599 498 3674 medicum
513 3605 715 3694 insecutus,
736 3600 889 3677 Ulvildee
902 3604 1021 3676 virum
1048 3603 1196 3674 Scotum
1218 3625 1303 3676 cnm
1318 3605 1451 3704 ingenti
1467 3609 1625 3676 exercitu

313 3722 465 3798 obvium
480 3727 627 3823 recepit,
652 3750 764 3824 quem
779 3751 800 3798 e
814 3724 1058 3826 remotissimis
1073 3724 1198 3797 Sentice
1215 3722 1351 3798 finibus
1375 3723 1495 3799 anxiiii
1513 3727 1625 3802 nauis
1750 3737 1751 3801 ζ

313 3844 451 3918 ferendi
471 3843 609 3944 cupido
623 3846 850 3947 perduxerat.
918 3851 987 3922 Per
1000 3847 1100 3924 bnne
1114 3851 1305 3924 Scotorum
1327 3851 1626 3924 insectationem·

313 3967 396 4042 licta
420 3991 569 4040 cursum
590 3976 626 4040 iu
640 3973 855 4042 Britanniam
875 3971 1061 4046 reflectere
1082 3975 1216 4071 jussus,
1232 3969 1406 4070 predum,
1432 3997 1544 4071 quam
1564 3994 1626 4045 ra-

315 4089 369 4164 sre
382 4091 567 4190 rejecerat,
583 4096 710 4164 acriter
728 4095 964 4189 recuperavit.
1000 4097 1112 4196 Igitur
1129 4121 1205 4195 quo
1221 4096 1382 4194 aequiore
1397 4101 1518 4168 animo
1536 4119 1625 4194 opes

314 4212 489 4310 descruit,
514 4211 587 4287 hoc
608 4211 745 4286 lucilius
772 4217 918 4314 recepit.
977 4219 1146 4292 Poenituit
1168 4235 1254 4293 tnnc
1285 4216 1405 4290 oneris
1427 4218 1625 4307 Britannos,

363 4493 422 4552 ¹Si
431 4486 736 4577 propeteresntamcs]
750 4491 946 4574 differente·
1047 4486 1220 4575 ²Regredi]
1251 4487 1308 4551 Ed.
1338 4489 1445 4574 steph.
1484 4485 1627 4550 mendose
1748 4511 1749 4518 ¹

317 4593 432 4677 quierit
452 4596 510 4658 ari
528 4595 729 4680 scriptoribus
746 4619 805 4682 pro
829 4602 947 4682 rejicere
1002 4596 1112 4680 egredi.

316 4699 381 4761 sire
395 4703 549 4786 repudiare
561 4700 696 4784 ponitur.
716 4688 946 4796 Praeiiitputn-
1048 4699 1240 4782 ³Mirererir]
1261 4697 1320 4763 Ed.
1334 4723 1382 4786 pr.
1399 4699 1494 4763 babet
1507 4704 1626 4763 mireris

317 4803 458 4868 obilierius
477 4803 530 4867 ὓ.
546 4807 586 4884 X,
598 4801 674 4883 6,6ι
702 4811 846 4894 Resutare
876 4826 947 4870 tem·
1049 4809 1190 4882 ⁴St'luam,
1204 4827 1267 4890 pse
1285 4809 1414 4869 Sectt'am
1430 4810 1624 4869 Britanniam·

315 4915 400 4997 pcrt's
420 4933 539 4972 munera
563 4913 648 4993 lenge
667 4915 869 4974 stultissimum
890 4930 942 4974 est.
1002 4937 1054 4994 que
1069 4907 1204 4990 secernit]
1222 4913 1270 4973 Da
1286 4930 1320 4973 ea
1337 4909 1398 4974 rid.
1413 4923 1468 4974 net
1482 4909 1531 4973 nb.
