<?xml version="1.0" encoding="UTF-8"?>
<!DOCTYPE html PUBLIC "-//W3C//DTD XHTML 1.0 Transitional//EN"
    "http://www.w3.org/TR/xhtml1/DTD/xhtml1-transitional.dtd">
<html xmlns="http://www.w3.org/1999/xhtml" xml:lang="en" lang="en">
 <head>
  <title>
</title>
<meta http-equiv="Content-Type" content="text/html;charset=utf-8" />
  <meta name='ocr-system' content='tesseract 3.04.00' />
  <meta name='ocr-capabilities' content='ocr_page ocr_carea ocr_par ocr_line ocrx_word'/>
</head>
<body>
  <div class='ocr_page' id='page_1' title='image "./historiadanica00velsgoog_0476.png"; bbox 0 0 3476 5460; ppageno 0'>
   <div class='ocr_carea' id='block_1_1' title="bbox 670 231 1393 368">
    <p class='ocr_par' dir='ltr' id='par_1_1' title="bbox 670 231 1393 368">
     <span class='ocr_line' id='line_1_1' title="bbox 670 231 1393 368; baseline 0.006 -4"><span class='ocrx_word' id='word_1_1' title='bbox 670 287 925 364; x_wconf 78' lang='lat' dir='ltr'><strong>susumus.</strong></span> <span class='ocrx_word' id='word_1_2' title='bbox 1302 231 1393 368; x_wconf 48' lang='lat' dir='ltr'><strong>&#39;aas</strong></span> 
     </span>
    </p>
   </div>
   <div class='ocr_carea' id='block_1_2' title="bbox 114 493 1515 3652">
    <p class='ocr_par' dir='ltr' id='par_1_2' title="bbox 114 493 1515 3652">
     <span class='ocr_line' id='line_1_2' title="bbox 138 493 1443 596; baseline 0.006 -25"><span class='ocrx_word' id='word_1_3' title='bbox 138 493 332 572; x_wconf 77' lang='lat' dir='ltr'><strong>solicitator</strong></span> <span class='ocrx_word' id='word_1_4' title='bbox 343 499 435 596; x_wconf 55' lang='grc' dir='ltr'><strong>Μὴ</strong></span> <span class='ocrx_word' id='word_1_5' title='bbox 450 493 648 574; x_wconf 67' lang='lat' dir='ltr'><strong>desertores</strong></span> <span class='ocrx_word' id='word_1_6' title='bbox 662 499 801 574; x_wconf 66' lang='lat' dir='ltr'><strong>edmero</strong></span> <span class='ocrx_word' id='word_1_7' title='bbox 812 497 1012 574; x_wconf 77' lang='lat' dir='ltr'><strong>laborabat.</strong></span> <span class='ocrx_word' id='word_1_8' title='bbox 1047 497 1111 590; x_wconf 88' lang='lat' dir='ltr'><strong>llh&#39;,</strong></span> <span class='ocrx_word' id='word_1_9' title='bbox 1126 525 1199 574; x_wconf 90' lang='lat' dir='ltr'><strong>non</strong></span> <span class='ocrx_word' id='word_1_10' title='bbox 1214 501 1338 578; x_wconf 83' lang='lat' dir='ltr'><strong>flexos</strong></span> <span class='ocrx_word' id='word_1_11' title='bbox 1354 527 1443 578; x_wconf 86' lang='lat' dir='ltr'><strong>sen·-</strong></span> 
     </span>
     <span class='ocr_line' id='line_1_3' title="bbox 123 617 1443 716; baseline 0.006 -26"><span class='ocrx_word' id='word_1_12' title='bbox 123 617 247 690; x_wconf 83' lang='lat' dir='ltr'><strong>·testis</strong></span> <span class='ocrx_word' id='word_1_13' title='bbox 260 623 465 715; x_wconf 83' lang='lat' dir='ltr'><strong>proposito,</strong></span> <span class='ocrx_word' id='word_1_14' title='bbox 496 643 541 692; x_wconf 84' lang='lat' dir='ltr'><strong>ex</strong></span> <span class='ocrx_word' id='word_1_15' title='bbox 565 620 682 692; x_wconf 81' lang='lat' dir='ltr'><strong>Riomi</strong></span> <span class='ocrx_word' id='word_1_16' title='bbox 705 620 852 698; x_wconf 85' lang='lat' dir='ltr'><strong>arbitrio</strong></span> <span class='ocrx_word' id='word_1_17' title='bbox 883 646 990 698; x_wconf 84' lang='lat' dir='ltr'><strong>snum</strong></span> <span class='ocrx_word' id='word_1_18' title='bbox 1018 627 1207 698; x_wconf 71' lang='lat' dir='ltr'><strong>consistam</strong></span> <span class='ocrx_word' id='word_1_19' title='bbox 1237 623 1443 716; x_wconf 80' lang='lat' dir='ltr'><strong>retulerunt,</strong></span> 
     </span>
     <span class='ocr_line' id='line_1_4' title="bbox 138 737 1442 842; baseline 0.005 -30"><span class='ocrx_word' id='word_1_20' title='bbox 138 737 305 830; x_wconf 79' lang='lat' dir='ltr'><strong>confessi,</strong></span> <span class='ocrx_word' id='word_1_21' title='bbox 318 742 499 818; x_wconf 81' lang='lat' dir='ltr'><strong>Sreonum</strong></span> <span class='ocrx_word' id='word_1_22' title='bbox 514 746 703 832; x_wconf 81' lang='lat' dir='ltr'><strong>neminem,</strong></span> <span class='ocrx_word' id='word_1_23' title='bbox 729 743 831 842; x_wconf 86' lang='lat' dir='ltr'><strong>qnod</strong></span> <span class='ocrx_word' id='word_1_24' title='bbox 845 742 893 816; x_wconf 85' lang='lat' dir='ltr'><strong>ab</strong></span> <span class='ocrx_word' id='word_1_25' title='bbox 910 743 990 841; x_wconf 88' lang='lat' dir='ltr'><strong>ojus</strong></span> <span class='ocrx_word' id='word_1_26' title='bbox 1007 742 1136 842; x_wconf 75' lang='lat' dir='ltr'><strong>placito</strong></span> <span class='ocrx_word' id='word_1_27' title='bbox 1153 743 1346 832; x_wconf 75' lang='lat' dir='ltr'><strong>destitisset,</strong></span> <span class='ocrx_word' id='word_1_28' title='bbox 1370 769 1442 818; x_wconf 88' lang='lat' dir='ltr'><strong>au-</strong></span> 
     </span>
     <span class='ocr_line' id='line_1_5' title="bbox 136 863 1443 968; baseline 0.002 -32"><span class='ocrx_word' id='word_1_29' title='bbox 136 884 273 936; x_wconf 86' lang='lat' dir='ltr'><strong>surum.</strong></span> <span class='ocrx_word' id='word_1_30' title='bbox 330 866 404 938; x_wconf 81' lang='lat' dir='ltr'><strong>Noc</strong></span> <span class='ocrx_word' id='word_1_31' title='bbox 415 865 568 964; x_wconf 75' lang='lat' dir='ltr'><strong>segnior</strong></span> <span class='ocrx_word' id='word_1_32' title='bbox 585 863 704 962; x_wconf 81' lang='lat' dir='ltr'><strong>ipsunt</strong></span> <span class='ocrx_word' id='word_1_33' title='bbox 718 865 926 942; x_wconf 83' lang='lat' dir='ltr'><strong>Hesberuus</strong></span> <span class='ocrx_word' id='word_1_34' title='bbox 957 863 1220 965; x_wconf 75' lang='lat' dir='ltr'><strong>hemgutssimis</strong></span> <span class='ocrx_word' id='word_1_35' title='bbox 1242 867 1443 968; x_wconf 78' lang='lat' dir='ltr'><strong>legatorum</strong></span> 
     </span>
     <span class='ocr_line' id='line_1_6' title="bbox 136 982 1493 1095; baseline 0.004 -41"><span class='ocrx_word' id='word_1_36' title='bbox 136 982 306 1082; x_wconf 72' lang='lat' dir='ltr'><strong>alloquiis</strong></span> <span class='ocrx_word' id='word_1_37' title='bbox 324 986 490 1084; x_wconf 74' lang='lat' dir='ltr'><strong>captavit.</strong></span> <span class='ocrx_word' id='word_1_38' title='bbox 548 990 617 1095; x_wconf 73' lang='lat' dir='ltr'><strong>eri</strong></span> <span class='ocrx_word' id='word_1_39' title='bbox 634 1013 673 1064; x_wconf 91' lang='lat' dir='ltr'><strong>se</strong></span> <span class='ocrx_word' id='word_1_40' title='bbox 688 985 849 1088; x_wconf 67' lang='lat' dir='ltr'><strong>perfidia*</strong></span> <span class='ocrx_word' id='word_1_41' title='bbox 867 1011 976 1086; x_wconf 85' lang='lat' dir='ltr'><strong>quam</strong></span> <span class='ocrx_word' id='word_1_42' title='bbox 1000 984 1107 1062; x_wconf 83' lang='lat' dir='ltr'><strong>bonae</strong></span> <span class='ocrx_word' id='word_1_43' title='bbox 1131 987 1214 1060; x_wconf 84' lang='lat' dir='ltr'><strong>fidei</strong></span> <span class='ocrx_word' id='word_1_44' title='bbox 1237 989 1443 1086; x_wconf 83' lang='lat' dir='ltr'><strong>propiorem</strong></span> <span class='ocrx_word' id='word_1_45' title='bbox 1490 1069 1493 1076; x_wconf 90' lang='lat'>.</span> 
     </span>
     <span class='ocr_line' id='line_1_7' title="bbox 137 1103 1444 1209; baseline 0.003 -31"><span class='ocrx_word' id='word_1_46' title='bbox 137 1103 217 1180; x_wconf 85' lang='lat' dir='ltr'><strong>iore</strong></span> <span class='ocrx_word' id='word_1_47' title='bbox 233 1104 424 1206; x_wconf 73' lang='lat' dir='ltr'><strong>denegans,</strong></span> <span class='ocrx_word' id='word_1_48' title='bbox 448 1110 592 1206; x_wconf 78' lang='lat' dir='ltr'><strong>piissimi</strong></span> <span class='ocrx_word' id='word_1_49' title='bbox 610 1113 724 1209; x_wconf 88' lang='lat' dir='ltr'><strong>patris</strong></span> <span class='ocrx_word' id='word_1_50' title='bbox 750 1111 864 1186; x_wconf 80' lang='lat' dir='ltr'><strong>amori</strong></span> <span class='ocrx_word' id='word_1_51' title='bbox 889 1108 1142 1208; x_wconf 76' lang='lat' dir='ltr'><strong>improbissimi</strong></span> <span class='ocrx_word' id='word_1_52' title='bbox 1162 1109 1276 1182; x_wconf 79' lang='lat' dir='ltr'><strong>bouis</strong></span> <span class='ocrx_word' id='word_1_53' title='bbox 1297 1113 1444 1208; x_wconf 80' lang='lat' dir='ltr'><strong>gratiam</strong></span> 
     </span>
     <span class='ocr_line' id='line_1_8' title="bbox 135 1226 1444 1332; baseline 0.003 -32"><span class='ocrx_word' id='word_1_54' title='bbox 135 1226 300 1302; x_wconf 75' lang='lat' dir='ltr'><strong>aniciam</strong></span> <span class='ocrx_word' id='word_1_55' title='bbox 318 1245 492 1327; x_wconf 80' lang='lat' dir='ltr'><strong>perquam</strong></span> <span class='ocrx_word' id='word_1_56' title='bbox 510 1231 686 1306; x_wconf 71' lang='lat' dir='ltr'><strong>nolanum</strong></span> <span class='ocrx_word' id='word_1_57' title='bbox 702 1231 896 1332; x_wconf 74' lang='lat' dir='ltr'><strong>judicabat.</strong></span> <span class='ocrx_word' id='word_1_58' title='bbox 930 1235 970 1303; x_wconf 90' lang='lat' dir='ltr'><strong>In</strong></span> <span class='ocrx_word' id='word_1_59' title='bbox 989 1237 1084 1330; x_wconf 82' lang='lat' dir='ltr'><strong>ipsos</strong></span> <span class='ocrx_word' id='word_1_60' title='bbox 1099 1257 1184 1306; x_wconf 85' lang='lat' dir='ltr'><strong>vero</strong></span> <span class='ocrx_word' id='word_1_61' title='bbox 1200 1231 1338 1330; x_wconf 85' lang='lat' dir='ltr'><strong>legatos</strong></span> <span class='ocrx_word' id='word_1_62' title='bbox 1355 1255 1444 1328; x_wconf 87' lang='lat' dir='ltr'><strong>per-</strong></span> 
     </span>
     <span class='ocr_line' id='line_1_9' title="bbox 135 1348 1444 1451; baseline 0 -29"><span class='ocrx_word' id='word_1_63' title='bbox 135 1348 220 1422; x_wconf 88' lang='lat' dir='ltr'><strong>inde</strong></span> <span class='ocrx_word' id='word_1_64' title='bbox 235 1373 279 1424; x_wconf 88' lang='lat' dir='ltr'><strong>ae</strong></span> <span class='ocrx_word' id='word_1_65' title='bbox 292 1355 492 1450; x_wconf 76' lang='lat' dir='ltr'><strong>gravissimi</strong></span> <span class='ocrx_word' id='word_1_66' title='bbox 509 1355 662 1429; x_wconf 89' lang='lat' dir='ltr'><strong>criminis</strong></span> <span class='ocrx_word' id='word_1_67' title='bbox 677 1354 878 1430; x_wconf 76' lang='lat' dir='ltr'><strong>hortatores</strong></span> <span class='ocrx_word' id='word_1_68' title='bbox 895 1353 1026 1451; x_wconf 85' lang='lat' dir='ltr'><strong>laqueo</strong></span> <span class='ocrx_word' id='word_1_69' title='bbox 1042 1351 1294 1428; x_wconf 81' lang='lat' dir='ltr'><strong>animadvertit.</strong></span> <span class='ocrx_word' id='word_1_70' title='bbox 1350 1355 1444 1428; x_wconf 88' lang='lat' dir='ltr'><strong>Sveti</strong></span> 
     </span>
     <span class='ocr_line' id='line_1_10' title="bbox 136 1471 1495 1576; baseline 0.003 -30"><span class='ocrx_word' id='word_1_71' title='bbox 136 1495 288 1570; x_wconf 88' lang='lat' dir='ltr'><strong>quoquo</strong></span> <span class='ocrx_word' id='word_1_72' title='bbox 306 1471 354 1546; x_wconf 90' lang='lat' dir='ltr'><strong>de</strong></span> <span class='ocrx_word' id='word_1_73' title='bbox 370 1472 508 1572; x_wconf 85' lang='lat' dir='ltr'><strong>reliqua</strong></span> <span class='ocrx_word' id='word_1_74' title='bbox 524 1474 720 1576; x_wconf 77' lang='lat' dir='ltr'><strong>legatorum</strong></span> <span class='ocrx_word' id='word_1_75' title='bbox 740 1476 847 1550; x_wconf 87' lang='lat' dir='ltr'><strong>turba</strong></span> <span class='ocrx_word' id='word_1_76' title='bbox 870 1481 946 1575; x_wconf 90' lang='lat' dir='ltr'><strong>pari</strong></span> <span class='ocrx_word' id='word_1_77' title='bbox 971 1473 1075 1548; x_wconf 87' lang='lat' dir='ltr'><strong>clade</strong></span> <span class='ocrx_word' id='word_1_78' title='bbox 1092 1481 1205 1548; x_wconf 77' lang='lat' dir='ltr'><strong>noxiae</strong></span> <span class='ocrx_word' id='word_1_79' title='bbox 1222 1473 1443 1550; x_wconf 75' lang='lat' dir='ltr'><strong>exhortatio-</strong></span> <span class='ocrx_word' id='word_1_80' title='bbox 1491 1491 1495 1500; x_wconf 58' lang='lat'><strong><em>¹</em></strong></span> 
     </span>
     <span class='ocr_line' id='line_1_11' title="bbox 123 1595 1515 1698; baseline 0.001 -30"><span class='ocrx_word' id='word_1_81' title='bbox 123 1596 193 1668; x_wconf 90' lang='lat' dir='ltr'><strong>-nis</strong></span> <span class='ocrx_word' id='word_1_82' title='bbox 206 1619 334 1693; x_wconf 84' lang='lat' dir='ltr'><strong>poenas</strong></span> <span class='ocrx_word' id='word_1_83' title='bbox 350 1615 589 1696; x_wconf 87' lang='lat' dir='ltr'><strong>sumpserunt.</strong></span> <span class='ocrx_word' id='word_1_84' title='bbox 640 1601 749 1698; x_wconf 79' lang='lat' dir='ltr'><strong>Igitur</strong></span> <span class='ocrx_word' id='word_1_85' title='bbox 763 1600 984 1686; x_wconf 85' lang='lat' dir='ltr'><strong>Heshernus,</strong></span> <span class='ocrx_word' id='word_1_86' title='bbox 999 1595 1140 1670; x_wconf 87' lang='lat' dir='ltr'><strong>occulto</strong></span> <span class='ocrx_word' id='word_1_87' title='bbox 1154 1595 1445 1696; x_wconf 85' lang='lat' dir='ltr'><strong>clandestinoque</strong></span> <span class='ocrx_word' id='word_1_88' title='bbox 1507 1621 1515 1632; x_wconf 90' lang='lat'><em>·</em></span> 
     </span>
     <span class='ocr_line' id='line_1_12' title="bbox 138 1719 1445 1820; baseline 0.001 -30"><span class='ocrx_word' id='word_1_89' title='bbox 138 1719 282 1817; x_wconf 75' lang='lat' dir='ltr'><strong>potatui</strong></span> <span class='ocrx_word' id='word_1_90' title='bbox 301 1743 432 1818; x_wconf 88' lang='lat' dir='ltr'><strong>parum</strong></span> <span class='ocrx_word' id='word_1_91' title='bbox 452 1745 669 1820; x_wconf 87' lang='lat' dir='ltr'><strong>prosperum</strong></span> <span class='ocrx_word' id='word_1_92' title='bbox 694 1737 790 1796; x_wconf 83' lang='lat' dir='ltr'><strong>ratus</strong></span> <span class='ocrx_word' id='word_1_93' title='bbox 823 1737 986 1796; x_wconf 81' lang='lat' dir='ltr'><strong>constare</strong></span> <span class='ocrx_word' id='word_1_94' title='bbox 1012 1743 1261 1818; x_wconf 79' lang='lat' dir='ltr'><strong>progressum,</strong></span> <span class='ocrx_word' id='word_1_95' title='bbox 1301 1719 1445 1792; x_wconf 80' lang='lat' dir='ltr'><strong>adscitis</strong></span> 
     </span>
     <span class='ocr_line' id='line_1_13' title="bbox 138 1837 1445 1942; baseline 0 -28"><span class='ocrx_word' id='word_1_96' title='bbox 138 1839 260 1938; x_wconf 85' lang='lat' dir='ltr'><strong>palam</strong></span> <span class='ocrx_word' id='word_1_97' title='bbox 273 1837 399 1938; x_wconf 66' lang='lat' dir='ltr'><strong>copiis,⁵</strong></span> <span class='ocrx_word' id='word_1_98' title='bbox 424 1845 608 1918; x_wconf 80' lang='lat' dir='ltr'><strong>manifeste</strong></span> <span class='ocrx_word' id='word_1_99' title='bbox 624 1845 802 1942; x_wconf 85' lang='lat' dir='ltr'><strong>procurrit</strong></span> <span class='ocrx_word' id='word_1_100' title='bbox 817 1843 866 1918; x_wconf 84' lang='lat' dir='ltr'><strong>sd</strong></span> <span class='ocrx_word' id='word_1_101' title='bbox 879 1841 1027 1916; x_wconf 89' lang='lat' dir='ltr'><strong>bellum.</strong></span> <span class='ocrx_word' id='word_1_102' title='bbox 1078 1849 1123 1914; x_wconf 83' lang='lat' dir='ltr'><strong>At</strong></span> <span class='ocrx_word' id='word_1_103' title='bbox 1138 1843 1326 1940; x_wconf 73' lang='lat' dir='ltr'><strong>praefectus</strong></span> <span class='ocrx_word' id='word_1_104' title='bbox 1342 1841 1445 1914; x_wconf 78' lang='lat' dir='ltr'><strong>lutire</strong></span> 
     </span>
     <span class='ocr_line' id='line_1_14' title="bbox 137 1965 1445 2066; baseline 0.002 -32"><span class='ocrx_word' id='word_1_105' title='bbox 137 1965 274 2051; x_wconf 66' lang='lat' dir='ltr'><strong>trotio,</strong></span> <span class='ocrx_word' id='word_1_106' title='bbox 287 1980 451 2038; x_wconf 79' lang='lat' dir='ltr'><strong>neutram</strong></span> <span class='ocrx_word' id='word_1_107' title='bbox 468 1965 651 2066; x_wconf 70' lang='lat' dir='ltr'><strong>sacrilegae</strong></span> <span class='ocrx_word' id='word_1_108' title='bbox 662 1991 797 2064; x_wconf 83' lang='lat' dir='ltr'><strong>pugnae</strong></span> <span class='ocrx_word' id='word_1_109' title='bbox 815 1983 954 2064; x_wconf 87' lang='lat' dir='ltr'><strong>partem</strong></span> <span class='ocrx_word' id='word_1_110' title='bbox 976 1967 1096 2064; x_wconf 87' lang='lat' dir='ltr'><strong>pietati</strong></span> <span class='ocrx_word' id='word_1_111' title='bbox 1117 1966 1359 2064; x_wconf 81' lang='lat' dir='ltr'><strong>propinquam</strong></span> <span class='ocrx_word' id='word_1_112' title='bbox 1373 1989 1445 2036; x_wconf 87' lang='lat' dir='ltr'><strong>au-</strong></span> 
     </span>
     <span class='ocr_line' id='line_1_15' title="bbox 123 2085 1444 2194; baseline -0.002 -36"><span class='ocrx_word' id='word_1_113' title='bbox 123 2102 292 2175; x_wconf 81' lang='lat' dir='ltr'><strong>-tumaus,</strong></span> <span class='ocrx_word' id='word_1_114' title='bbox 315 2085 466 2184; x_wconf 83' lang='lat' dir='ltr'><strong>impium</strong></span> <span class='ocrx_word' id='word_1_115' title='bbox 483 2087 619 2162; x_wconf 84' lang='lat' dir='ltr'><strong>bellum</strong></span> <span class='ocrx_word' id='word_1_116' title='bbox 643 2088 847 2194; x_wconf 84' lang='lat' dir='ltr'><strong>voluntario</strong></span> <span class='ocrx_word' id='word_1_117' title='bbox 861 2089 1097 2188; x_wconf 75' lang='lat' dir='ltr'><strong>praecucurrit</strong></span> <span class='ocrx_word' id='word_1_118' title='bbox 1115 2087 1231 2160; x_wconf 79' lang='lat' dir='ltr'><strong>exilio.</strong></span> <span class='ocrx_word' id='word_1_119' title='bbox 1298 2088 1444 2186; x_wconf 82' lang='lat' dir='ltr'><strong>Regne-</strong></span> 
     </span>
     <span class='ocr_line' id='line_1_16' title="bbox 138 2206 1446 2308; baseline -0.002 -27"><span class='ocrx_word' id='word_1_120' title='bbox 138 2231 204 2282; x_wconf 90' lang='lat' dir='ltr'><strong>rus</strong></span> <span class='ocrx_word' id='word_1_121' title='bbox 221 2233 306 2282; x_wconf 87' lang='lat' dir='ltr'><strong>vero</strong></span> <span class='ocrx_word' id='word_1_122' title='bbox 320 2209 546 2284; x_wconf 84' lang='lat' dir='ltr'><strong>Hesbernum</strong></span> <span class='ocrx_word' id='word_1_123' title='bbox 561 2207 661 2308; x_wconf 88' lang='lat' dir='ltr'><strong>apud</strong></span> <span class='ocrx_word' id='word_1_124' title='bbox 679 2211 815 2298; x_wconf 89' lang='lat' dir='ltr'><strong>sinum,</strong></span> <span class='ocrx_word' id='word_1_125' title='bbox 840 2214 902 2308; x_wconf 90' lang='lat' dir='ltr'><strong>qni</strong></span> <span class='ocrx_word' id='word_1_126' title='bbox 931 2207 1091 2282; x_wconf 82' lang='lat' dir='ltr'><strong>latialiter</strong></span> <span class='ocrx_word' id='word_1_127' title='bbox 1108 2208 1250 2282; x_wconf 84' lang='lat' dir='ltr'><strong>viridis¹</strong></span> <span class='ocrx_word' id='word_1_128' title='bbox 1278 2206 1446 2306; x_wconf 88' lang='lat' dir='ltr'><strong>appella-</strong></span> 
     </span>
     <span class='ocr_line' id='line_1_17' title="bbox 136 2329 1444 2431; baseline -0.005 -27"><span class='ocrx_word' id='word_1_129' title='bbox 136 2347 208 2421; x_wconf 86' lang='lat' dir='ltr'><strong>tur,</strong></span> <span class='ocrx_word' id='word_1_130' title='bbox 223 2355 411 2430; x_wconf 77' lang='lat' dir='ltr'><strong>aggressus</strong></span> <span class='ocrx_word' id='word_1_131' title='bbox 433 2332 573 2426; x_wconf 82' lang='lat' dir='ltr'><strong>occidit,</strong></span> <span class='ocrx_word' id='word_1_132' title='bbox 599 2333 840 2431; x_wconf 81' lang='lat' dir='ltr'><strong>exanimisque</strong></span> <span class='ocrx_word' id='word_1_133' title='bbox 857 2329 1054 2404; x_wconf 82' lang='lat' dir='ltr'><strong>abscissum</strong></span> <span class='ocrx_word' id='word_1_134' title='bbox 1072 2345 1179 2427; x_wconf 87' lang='lat' dir='ltr'><strong>eaput</strong></span> <span class='ocrx_word' id='word_1_135' title='bbox 1204 2354 1312 2428; x_wconf 88' lang='lat' dir='ltr'><strong>prora</strong></span> <span class='ocrx_word' id='word_1_136' title='bbox 1333 2332 1444 2426; x_wconf 77' lang='lat' dir='ltr'><strong>excipi</strong></span> 
     </span>
     <span class='ocr_line' id='line_1_18' title="bbox 114 2448 1445 2552; baseline -0.004 -26"><span class='ocrx_word' id='word_1_137' title='bbox 114 2451 322 2542; x_wconf 77' lang='lat' dir='ltr'><strong>mandans,</strong></span> <span class='ocrx_word' id='word_1_138' title='bbox 341 2453 664 2528; x_wconf 82' lang='lat' dir='ltr'><strong>-terrihilelactiosis</strong></span> <span class='ocrx_word' id='word_1_139' title='bbox 678 2451 922 2552; x_wconf 84' lang='lat' dir='ltr'><strong>spectaculum</strong></span> <span class='ocrx_word' id='word_1_140' title='bbox 936 2448 1052 2525; x_wconf 87' lang='lat' dir='ltr'><strong>edidit</strong></span> <span class='ocrx_word' id='word_1_141' title='bbox 1105 2450 1214 2525; x_wconf 92' lang='lat' dir='ltr'><strong>Ubho</strong></span> <span class='ocrx_word' id='word_1_142' title='bbox 1235 2474 1330 2541; x_wconf 88' lang='lat' dir='ltr'><strong>vero,</strong></span> <span class='ocrx_word' id='word_1_143' title='bbox 1350 2474 1445 2546; x_wconf 91' lang='lat' dir='ltr'><strong>pro-</strong></span> 
     </span>
     <span class='ocr_line' id='line_1_19' title="bbox 137 2570 1446 2676; baseline -0.006 -26"><span class='ocrx_word' id='word_1_144' title='bbox 137 2575 240 2676; x_wconf 78' lang='lat' dir='ltr'><strong>fugio</strong></span> <span class='ocrx_word' id='word_1_145' title='bbox 263 2599 369 2667; x_wconf 86' lang='lat' dir='ltr'><strong>usus,</strong></span> <span class='ocrx_word' id='word_1_146' title='bbox 404 2577 560 2675; x_wconf 88' lang='lat' dir='ltr'><strong>itemque</strong></span> <span class='ocrx_word' id='word_1_147' title='bbox 591 2593 729 2675; x_wconf 90' lang='lat' dir='ltr'><strong>patrem</strong></span> <span class='ocrx_word' id='word_1_148' title='bbox 772 2589 941 2648; x_wconf 85' lang='lat' dir='ltr'><strong>revocato</strong></span> <span class='ocrx_word' id='word_1_149' title='bbox 974 2570 1075 2670; x_wconf 86' lang='lat' dir='ltr'><strong>apud</strong></span> <span class='ocrx_word' id='word_1_150' title='bbox 1103 2571 1315 2645; x_wconf 83' lang='lat' dir='ltr'><strong>Sialandiam</strong></span> <span class='ocrx_word' id='word_1_151' title='bbox 1350 2570 1446 2644; x_wconf 86' lang='lat' dir='ltr'><strong>hello</strong></span> 
     </span>
     <span class='ocr_line' id='line_1_20' title="bbox 124 2693 1444 2795; baseline -0.002 -25"><span class='ocrx_word' id='word_1_152' title='bbox 124 2696 297 2788; x_wconf 85' lang='lat' dir='ltr'><strong>¹adortus,</strong></span> <span class='ocrx_word' id='word_1_153' title='bbox 322 2695 421 2792; x_wconf 91' lang='lat' dir='ltr'><strong>dum,</strong></span> <span class='ocrx_word' id='word_1_154' title='bbox 435 2697 552 2790; x_wconf 79' lang='lat' dir='ltr'><strong>lerata</strong></span> <span class='ocrx_word' id='word_1_155' title='bbox 567 2724 718 2774; x_wconf 85' lang='lat' dir='ltr'><strong>suorum</strong></span> <span class='ocrx_word' id='word_1_156' title='bbox 741 2699 828 2788; x_wconf 87' lang='lat' dir='ltr'><strong>acie,</strong></span> <span class='ocrx_word' id='word_1_157' title='bbox 842 2693 1004 2794; x_wconf 90' lang='lat' dir='ltr'><strong>undique</strong></span> <span class='ocrx_word' id='word_1_158' title='bbox 1020 2693 1118 2768; x_wconf 90' lang='lat' dir='ltr'><strong>solus</strong></span> <span class='ocrx_word' id='word_1_159' title='bbox 1135 2697 1332 2795; x_wconf 87' lang='lat' dir='ltr'><strong>impetitur,</strong></span> <span class='ocrx_word' id='word_1_160' title='bbox 1360 2711 1444 2768; x_wconf 86' lang='lat' dir='ltr'><strong>tan-</strong></span> 
     </span>
     <span class='ocr_line' id='line_1_21' title="bbox 137 2815 1444 2920; baseline -0.002 -26"><span class='ocrx_word' id='word_1_161' title='bbox 137 2837 215 2894; x_wconf 88' lang='lat' dir='ltr'><strong>turn</strong></span> <span class='ocrx_word' id='word_1_162' title='bbox 230 2818 367 2894; x_wconf 81' lang='lat' dir='ltr'><strong>adversi</strong></span> <span class='ocrx_word' id='word_1_163' title='bbox 382 2821 531 2920; x_wconf 76' lang='lat' dir='ltr'><strong>agninis</strong></span> <span class='ocrx_word' id='word_1_164' title='bbox 548 2819 657 2912; x_wconf 86' lang='lat' dir='ltr'><strong>fudit,</strong></span> <span class='ocrx_word' id='word_1_165' title='bbox 683 2835 721 2894; x_wconf 89' lang='lat' dir='ltr'><strong>ut</strong></span> <span class='ocrx_word' id='word_1_166' title='bbox 751 2816 936 2906; x_wconf 89' lang='lat' dir='ltr'><strong>hostilium</strong></span> <span class='ocrx_word' id='word_1_167' title='bbox 962 2815 1178 2892; x_wconf 87' lang='lat' dir='ltr'><strong>cadaverum</strong></span> <span class='ocrx_word' id='word_1_168' title='bbox 1201 2825 1444 2892; x_wconf 84' lang='lat' dir='ltr'><strong>excremento²</strong></span> 
     </span>
     <span class='ocr_line' id='line_1_22' title="bbox 137 2939 1445 3042; baseline -0.005 -26"><span class='ocrx_word' id='word_1_169' title='bbox 137 2939 288 3040; x_wconf 84' lang='lat' dir='ltr'><strong>perinde</strong></span> <span class='ocrx_word' id='word_1_170' title='bbox 301 2966 344 3014; x_wconf 86' lang='lat' dir='ltr'><strong>ae</strong></span> <span class='ocrx_word' id='word_1_171' title='bbox 358 2944 553 3016; x_wconf 86' lang='lat' dir='ltr'><strong>munitione</strong></span> <span class='ocrx_word' id='word_1_172' title='bbox 566 2943 768 3018; x_wconf 87' lang='lat' dir='ltr'><strong>firmissima</strong></span> <span class='ocrx_word' id='word_1_173' title='bbox 796 2942 1035 3014; x_wconf 86' lang='lat' dir='ltr'><strong>circumactus</strong></span> <span class='ocrx_word' id='word_1_174' title='bbox 1051 2939 1154 3013; x_wconf 84' lang='lat' dir='ltr'><strong>facile</strong></span> <span class='ocrx_word' id='word_1_175' title='bbox 1172 2943 1445 3042; x_wconf 88' lang='lat' dir='ltr'><strong>provocantium</strong></span> 
     </span>
     <span class='ocr_line' id='line_1_23' title="bbox 121 3060 1447 3170; baseline -0.003 -34"><span class='ocrx_word' id='word_1_176' title='bbox 121 3063 317 3170; x_wconf 32' lang='lat' dir='ltr'><strong>&#39;inhiberet</strong></span> <span class='ocrx_word' id='word_1_177' title='bbox 337 3087 532 3136; x_wconf 87' lang='lat' dir='ltr'><strong>accessum.</strong></span> <span class='ocrx_word' id='word_1_178' title='bbox 600 3063 658 3138; x_wconf 89' lang='lat' dir='ltr'><strong>Ad</strong></span> <span class='ocrx_word' id='word_1_179' title='bbox 673 3063 836 3138; x_wconf 90' lang='lat' dir='ltr'><strong>ultimum</strong></span> <span class='ocrx_word' id='word_1_180' title='bbox 861 3060 1161 3161; x_wconf 82' lang='lat' dir='ltr'><strong>frequentioribus</strong></span> <span class='ocrx_word' id='word_1_181' title='bbox 1186 3060 1342 3135; x_wconf 87' lang='lat' dir='ltr'><strong>hostium</strong></span> <span class='ocrx_word' id='word_1_182' title='bbox 1359 3061 1447 3162; x_wconf 78' lang='lat' dir='ltr'><strong>glo-</strong></span> 
     </span>
     <span class='ocr_line' id='line_1_24' title="bbox 136 3183 1447 3294; baseline 0.002 -37"><span class='ocrx_word' id='word_1_183' title='bbox 136 3186 196 3262; x_wconf 85' lang='lat' dir='ltr'><strong>bis</strong></span> <span class='ocrx_word' id='word_1_184' title='bbox 213 3185 364 3260; x_wconf 89' lang='lat' dir='ltr'><strong>ohsusus</strong></span> <span class='ocrx_word' id='word_1_185' title='bbox 389 3185 744 3294; x_wconf 82' lang='lat' dir='ltr'><strong>comprehensusque</strong></span> <span class='ocrx_word' id='word_1_186' title='bbox 776 3183 931 3284; x_wconf 87' lang='lat' dir='ltr'><strong>publicis</strong></span> <span class='ocrx_word' id='word_1_187' title='bbox 955 3184 1106 3258; x_wconf 85' lang='lat' dir='ltr'><strong>vinculis</strong></span> <span class='ocrx_word' id='word_1_188' title='bbox 1130 3184 1333 3264; x_wconf 86' lang='lat' dir='ltr'><strong>onerandus</strong></span> <span class='ocrx_word' id='word_1_189' title='bbox 1354 3185 1447 3259; x_wconf 83' lang='lat' dir='ltr'><strong>abs-</strong></span> 
     </span>
     <span class='ocr_line' id='line_1_25' title="bbox 140 3305 1448 3406; baseline -0.002 -24"><span class='ocrx_word' id='word_1_190' title='bbox 140 3305 302 3382; x_wconf 87' lang='lat' dir='ltr'><strong>trahitur.</strong></span> <span class='ocrx_word' id='word_1_191' title='bbox 374 3307 515 3400; x_wconf 74' lang='lat' dir='ltr'><strong>atille,</strong></span> <span class='ocrx_word' id='word_1_192' title='bbox 540 3310 712 3382; x_wconf 90' lang='lat' dir='ltr'><strong>immensa</strong></span> <span class='ocrx_word' id='word_1_193' title='bbox 730 3315 764 3382; x_wconf 91' lang='lat' dir='ltr'><strong>vi</strong></span> <span class='ocrx_word' id='word_1_194' title='bbox 789 3312 962 3382; x_wconf 85' lang='lat' dir='ltr'><strong>extricatis</strong></span> <span class='ocrx_word' id='word_1_195' title='bbox 979 3308 1207 3406; x_wconf 88' lang='lat' dir='ltr'><strong>rescissisque</strong></span> <span class='ocrx_word' id='word_1_196' title='bbox 1222 3309 1363 3397; x_wconf 86' lang='lat' dir='ltr'><strong>catenis,</strong></span> <span class='ocrx_word' id='word_1_197' title='bbox 1386 3312 1448 3380; x_wconf 57' lang='lat' dir='ltr'><strong>in*</strong></span> 
     </span>
     <span class='ocr_line' id='line_1_26' title="bbox 139 3428 1448 3522; baseline -0.002 -18"><span class='ocrx_word' id='word_1_198' title='bbox 139 3429 235 3504; x_wconf 88' lang='lat' dir='ltr'><strong>ditos</strong></span> <span class='ocrx_word' id='word_1_199' title='bbox 253 3429 324 3504; x_wconf 90' lang='lat' dir='ltr'><strong>sibi</strong></span> <span class='ocrx_word' id='word_1_200' title='bbox 338 3455 447 3504; x_wconf 86' lang='lat' dir='ltr'><strong>nexus</strong></span> <span class='ocrx_word' id='word_1_201' title='bbox 465 3429 625 3506; x_wconf 84' lang='lat' dir='ltr'><strong>disiicere</strong></span> <span class='ocrx_word' id='word_1_202' title='bbox 639 3457 681 3504; x_wconf 93' lang='lat' dir='ltr'><strong>ac</strong></span> <span class='ocrx_word' id='word_1_203' title='bbox 705 3431 861 3506; x_wconf 88' lang='lat' dir='ltr'><strong>lacerare</strong></span> <span class='ocrx_word' id='word_1_204' title='bbox 878 3428 1048 3522; x_wconf 86' lang='lat' dir='ltr'><strong>adorsus,</strong></span> <span class='ocrx_word' id='word_1_205' title='bbox 1082 3430 1189 3504; x_wconf 86' lang='lat' dir='ltr'><strong>nullis</strong></span> <span class='ocrx_word' id='word_1_206' title='bbox 1206 3430 1346 3504; x_wconf 89' lang='lat' dir='ltr'><strong>obitum</strong></span> <span class='ocrx_word' id='word_1_207' title='bbox 1361 3457 1448 3504; x_wconf 91' lang='lat' dir='ltr'><strong>mo-</strong></span> 
     </span>
     <span class='ocr_line' id='line_1_27' title="bbox 139 3551 1448 3652; baseline 0 -26"><span class='ocrx_word' id='word_1_208' title='bbox 139 3553 199 3628; x_wconf 91' lang='lat' dir='ltr'><strong>dis</strong></span> <span class='ocrx_word' id='word_1_209' title='bbox 215 3551 372 3652; x_wconf 79' lang='lat' dir='ltr'><strong>elingere</strong></span> <span class='ocrx_word' id='word_1_210' title='bbox 387 3555 537 3652; x_wconf 83' lang='lat' dir='ltr'><strong>potuit³.</strong></span> <span class='ocrx_word' id='word_1_211' title='bbox 578 3558 625 3627; x_wconf 78' lang='lat' dir='ltr'><strong>At</strong></span> <span class='ocrx_word' id='word_1_212' title='bbox 642 3553 705 3627; x_wconf 94' lang='lat' dir='ltr'><strong>ubi</strong></span> <span class='ocrx_word' id='word_1_213' title='bbox 718 3557 843 3630; x_wconf 83' lang='lat' dir='ltr'><strong>Ivarus</strong></span> <span class='ocrx_word' id='word_1_214' title='bbox 857 3551 1050 3628; x_wconf 89' lang='lat' dir='ltr'><strong>tumultum</strong></span> <span class='ocrx_word' id='word_1_215' title='bbox 1065 3553 1188 3652; x_wconf 79' lang='lat' dir='ltr'><strong>patriae</strong></span> <span class='ocrx_word' id='word_1_216' title='bbox 1203 3553 1337 3628; x_wconf 85' lang='lat' dir='ltr'><strong>factiosi</strong></span> <span class='ocrx_word' id='word_1_217' title='bbox 1352 3579 1448 3650; x_wconf 89' lang='lat' dir='ltr'><strong>sup-</strong></span> 
     </span>
    </p>
   </div>
   <div class='ocr_carea' id='block_1_3' title="bbox 125 3785 1451 4930">
    <p class='ocr_par' dir='ltr' id='par_1_3' title="bbox 138 3785 1451 4190">
     <span class='ocr_line' id='line_1_28' title="bbox 186 3785 1448 3872; baseline 0.001 -22"><span class='ocrx_word' id='word_1_218' title='bbox 186 3791 322 3860; x_wconf 82' lang='lat' dir='ltr'><strong>¹Sr&#39;nuur,</strong></span> <span class='ocrx_word' id='word_1_219' title='bbox 337 3791 389 3872; x_wconf 84' lang='lat' dir='ltr'><strong>qui</strong></span> <span class='ocrx_word' id='word_1_220' title='bbox 399 3790 543 3852; x_wconf 73' lang='lat' dir='ltr'><strong>latabltier</strong></span> <span class='ocrx_word' id='word_1_221' title='bbox 554 3785 673 3868; x_wconf 79' lang='lat' dir='ltr'><strong>viridis]</strong></span> <span class='ocrx_word' id='word_1_222' title='bbox 691 3791 767 3852; x_wconf 86' lang='lat' dir='ltr'><strong>Fre·</strong></span> <span class='ocrx_word' id='word_1_223' title='bbox 825 3785 958 3852; x_wconf 85' lang='lat' dir='ltr'><strong>aditione</strong></span> <span class='ocrx_word' id='word_1_224' title='bbox 972 3786 1120 3872; x_wconf 86' lang='lat' dir='ltr'><strong>principa.</strong></span> <span class='ocrx_word' id='word_1_225' title='bbox 1167 3786 1227 3855; x_wconf 84' lang='lat' dir='ltr'><strong>Sed</strong></span> <span class='ocrx_word' id='word_1_226' title='bbox 1243 3787 1381 3872; x_wconf 87' lang='lat' dir='ltr'><strong>inprimis</strong></span> <span class='ocrx_word' id='word_1_227' title='bbox 1398 3807 1448 3851; x_wconf 81' lang='lat' dir='ltr'><strong>uc-</strong></span> 
     </span>
     <span class='ocr_line' id='line_1_29' title="bbox 139 3892 1451 3980; baseline -0.006 -22"><span class='ocrx_word' id='word_1_228' title='bbox 139 3909 217 3971; x_wconf 81' lang='lat' dir='ltr'><strong>tum‚</strong></span> <span class='ocrx_word' id='word_1_229' title='bbox 236 3892 319 3977; x_wconf 89' lang='lat' dir='ltr'><strong>quod</strong></span> <span class='ocrx_word' id='word_1_230' title='bbox 339 3892 449 3956; x_wconf 84' lang='lat' dir='ltr'><strong>insulas</strong></span> <span class='ocrx_word' id='word_1_231' title='bbox 469 3892 631 3958; x_wconf 85' lang='lat' dir='ltr'><strong>Falstriam</strong></span> <span class='ocrx_word' id='word_1_232' title='bbox 654 3907 686 3958; x_wconf 88' lang='lat' dir='ltr'><strong>et</strong></span> <span class='ocrx_word' id='word_1_233' title='bbox 701 3898 767 3958; x_wconf 85' lang='lat' dir='ltr'><strong>Mo·</strong></span> <span class='ocrx_word' id='word_1_234' title='bbox 823 3894 941 3976; x_wconf 76' lang='lat' dir='ltr'><strong>gotium</strong></span> <span class='ocrx_word' id='word_1_235' title='bbox 949 3892 1117 3974; x_wconf 57' lang='lat' dir='ltr'><strong>„sammua</strong></span> <span class='ocrx_word' id='word_1_236' title='bbox 1134 3917 1204 3980; x_wconf 76' lang='lat' dir='ltr'><strong>quas</strong></span> <span class='ocrx_word' id='word_1_237' title='bbox 1225 3893 1276 3956; x_wconf 89' lang='lat' dir='ltr'><strong>hio</strong></span> <span class='ocrx_word' id='word_1_238' title='bbox 1290 3905 1451 3956; x_wconf 78' lang='lat' dir='ltr'><strong>narrantur</strong></span> 
     </span>
     <span class='ocr_line' id='line_1_30' title="bbox 138 3997 1449 4085; baseline -0.005 -21"><span class='ocrx_word' id='word_1_239' title='bbox 138 4023 210 4064; x_wconf 86' lang='lat' dir='ltr'><strong>nam</strong></span> <span class='ocrx_word' id='word_1_240' title='bbox 227 4011 359 4083; x_wconf 86' lang='lat' dir='ltr'><strong>separat,</strong></span> <span class='ocrx_word' id='word_1_241' title='bbox 371 3997 470 4064; x_wconf 85' lang='lat' dir='ltr'><strong>adhuc</strong></span> <span class='ocrx_word' id='word_1_242' title='bbox 492 4009 699 4062; x_wconf 80' lang='lat' dir='ltr'><strong>nostrsaetatc</strong></span> <span class='ocrx_word' id='word_1_243' title='bbox 720 3999 765 4063; x_wconf 90' lang='lat' dir='ltr'><strong>di·</strong></span> <span class='ocrx_word' id='word_1_244' title='bbox 825 3997 863 4064; x_wconf 89' lang='lat' dir='ltr'><strong>de</strong></span> <span class='ocrx_word' id='word_1_245' title='bbox 875 3999 963 4064; x_wconf 89' lang='lat' dir='ltr'><strong>obitu</strong></span> <span class='ocrx_word' id='word_1_246' title='bbox 979 3999 1113 4078; x_wconf 75' lang='lat' dir='ltr'><strong>offano,</strong></span> <span class='ocrx_word' id='word_1_247' title='bbox 1134 3999 1249 4085; x_wconf 87' lang='lat' dir='ltr'><strong>quippe</strong></span> <span class='ocrx_word' id='word_1_248' title='bbox 1270 4021 1340 4083; x_wconf 82' lang='lat' dir='ltr'><strong>quat</strong></span> <span class='ocrx_word' id='word_1_249' title='bbox 1356 3997 1449 4060; x_wconf 88' lang='lat' dir='ltr'><strong>mani-</strong></span> 
     </span>
     <span class='ocr_line' id='line_1_31' title="bbox 138 4101 1449 4190; baseline -0.008 -18"><span class='ocrx_word' id='word_1_250' title='bbox 138 4108 219 4172; x_wconf 84' lang='lat' dir='ltr'><strong>cituc</strong></span> <span class='ocrx_word' id='word_1_251' title='bbox 239 4107 409 4178; x_wconf 78' lang='lat' dir='ltr'><strong>Gromnnd,</strong></span> <span class='ocrx_word' id='word_1_252' title='bbox 421 4105 441 4170; x_wconf 88' lang='lat' dir='ltr'><strong>i.</strong></span> <span class='ocrx_word' id='word_1_253' title='bbox 457 4124 483 4168; x_wconf 86' lang='lat' dir='ltr'><strong>a.</strong></span> <span class='ocrx_word' id='word_1_254' title='bbox 498 4105 612 4168; x_wconf 85' lang='lat' dir='ltr'><strong>fretum</strong></span> <span class='ocrx_word' id='word_1_255' title='bbox 625 4104 730 4172; x_wconf 80' lang='lat' dir='ltr'><strong>viride.</strong></span> <span class='ocrx_word' id='word_1_256' title='bbox 824 4102 903 4168; x_wconf 81' lang='lat' dir='ltr'><strong>leste</strong></span> <span class='ocrx_word' id='word_1_257' title='bbox 919 4119 1090 4190; x_wconf 77' lang='lat' dir='ltr'><strong>repugnent</strong></span> <span class='ocrx_word' id='word_1_258' title='bbox 1114 4105 1167 4184; x_wconf 87' lang='lat' dir='ltr'><strong>iis,</strong></span> <span class='ocrx_word' id='word_1_259' title='bbox 1187 4128 1256 4190; x_wconf 83' lang='lat' dir='ltr'><strong>quae</strong></span> <span class='ocrx_word' id='word_1_260' title='bbox 1282 4104 1386 4190; x_wconf 85' lang='lat' dir='ltr'><strong>paullo</strong></span> <span class='ocrx_word' id='word_1_261' title='bbox 1404 4101 1449 4164; x_wconf 87' lang='lat' dir='ltr'><strong>in·</strong></span> 
     </span>
    </p>

    <p class='ocr_par' dir='ltr' id='par_1_4' title="bbox 125 4207 1450 4614">
     <span class='ocr_line' id='line_1_32' title="bbox 190 4207 1450 4294; baseline -0.005 -18"><span class='ocrx_word' id='word_1_262' title='bbox 190 4214 374 4276; x_wconf 75' lang='lat' dir='ltr'><strong>²Hostilium</strong></span> <span class='ocrx_word' id='word_1_263' title='bbox 387 4213 560 4276; x_wconf 75' lang='lat' dir='ltr'><strong>cadauerum</strong></span> <span class='ocrx_word' id='word_1_264' title='bbox 573 4210 765 4290; x_wconf 74' lang='lat' dir='ltr'><strong>excremento]</strong></span> <span class='ocrx_word' id='word_1_265' title='bbox 825 4207 872 4274; x_wconf 83' lang='lat' dir='ltr'><strong>fra</strong></span> <span class='ocrx_word' id='word_1_266' title='bbox 886 4213 1029 4294; x_wconf 75' lang='lat' dir='ltr'><strong>leguntur</strong></span> <span class='ocrx_word' id='word_1_267' title='bbox 1045 4210 1083 4277; x_wconf 89' lang='lat' dir='ltr'><strong>de</strong></span> <span class='ocrx_word' id='word_1_268' title='bbox 1097 4210 1225 4276; x_wconf 87' lang='lat' dir='ltr'><strong>Ubbons</strong></span> <span class='ocrx_word' id='word_1_269' title='bbox 1240 4209 1271 4272; x_wconf 89' lang='lat' dir='ltr'><strong>in</strong></span> <span class='ocrx_word' id='word_1_270' title='bbox 1290 4209 1450 4294; x_wconf 82' lang='lat' dir='ltr'><strong>pristinam</strong></span> 
     </span>
     <span class='ocr_line' id='line_1_33' title="bbox 137 4314 1450 4404; baseline -0.005 -22"><span class='ocrx_word' id='word_1_271' title='bbox 137 4318 321 4404; x_wconf 82' lang='lat' dir='ltr'><strong>stephanius</strong></span> <span class='ocrx_word' id='word_1_272' title='bbox 342 4316 492 4400; x_wconf 83' lang='lat' dir='ltr'><strong>conjecit,</strong></span> <span class='ocrx_word' id='word_1_273' title='bbox 521 4315 650 4380; x_wconf 84' lang='lat' dir='ltr'><strong>sortasse</strong></span> <span class='ocrx_word' id='word_1_274' title='bbox 664 4317 766 4400; x_wconf 75' lang='lat' dir='ltr'><strong>lagen·</strong></span> <span class='ocrx_word' id='word_1_275' title='bbox 822 4315 904 4399; x_wconf 87' lang='lat' dir='ltr'><strong>apud</strong></span> <span class='ocrx_word' id='word_1_276' title='bbox 920 4328 1039 4400; x_wconf 83' lang='lat' dir='ltr'><strong>patrem</strong></span> <span class='ocrx_word' id='word_1_277' title='bbox 1052 4315 1181 4400; x_wconf 72' lang='lat' dir='ltr'><strong>gratim</strong></span> <span class='ocrx_word' id='word_1_278' title='bbox 1196 4314 1346 4380; x_wconf 84' lang='lat' dir='ltr'><strong>restituto.</strong></span> <span class='ocrx_word' id='word_1_279' title='bbox 1374 4317 1450 4387; x_wconf 65' lang='lat' dir='ltr'><strong>Taua</strong></span> 
     </span>
     <span class='ocr_line' id='line_1_34' title="bbox 136 4419 1449 4490; baseline -0.008 0"><span class='ocrx_word' id='word_1_280' title='bbox 136 4427 211 4490; x_wconf 82' lang='lat' dir='ltr'><strong>dum</strong></span> <span class='ocrx_word' id='word_1_281' title='bbox 223 4430 404 4488; x_wconf 68' lang='lat' dir='ltr'><strong>theneorus.</strong></span> <span class='ocrx_word' id='word_1_282' title='bbox 428 4423 765 4488; x_wconf 75' lang='lat' dir='ltr'><strong>Certevoxeecremeno&#39;</strong></span> <span class='ocrx_word' id='word_1_283' title='bbox 822 4419 908 4484; x_wconf 81' lang='lat' dir='ltr'><strong>brari</strong></span> <span class='ocrx_word' id='word_1_284' title='bbox 931 4421 1048 4486; x_wconf 87' lang='lat' dir='ltr'><strong>scilicet</strong></span> <span class='ocrx_word' id='word_1_285' title='bbox 1067 4421 1233 4486; x_wconf 81' lang='lat' dir='ltr'><strong>intervallo</strong></span> <span class='ocrx_word' id='word_1_286' title='bbox 1257 4419 1306 4482; x_wconf 74' lang='lat' dir='ltr'><strong>ha</strong></span> <span class='ocrx_word' id='word_1_287' title='bbox 1329 4431 1449 4482; x_wconf 87' lang='lat' dir='ltr'><strong>santon-</strong></span> 
     </span>
     <span class='ocr_line' id='line_1_35' title="bbox 125 4525 1450 4614; baseline -0.008 -18"><span class='ocrx_word' id='word_1_288' title='bbox 125 4532 182 4598; x_wconf 86' lang='lat' dir='ltr'><strong>-ita</strong></span> <span class='ocrx_word' id='word_1_289' title='bbox 195 4526 393 4614; x_wconf 78' lang='lat' dir='ltr'><strong>intelligenda</strong></span> <span class='ocrx_word' id='word_1_290' title='bbox 406 4527 475 4591; x_wconf 86' lang='lat' dir='ltr'><strong>erit.</strong></span> <span class='ocrx_word' id='word_1_291' title='bbox 820 4526 872 4588; x_wconf 80' lang='lat' dir='ltr'><strong>tiae</strong></span> <span class='ocrx_word' id='word_1_292' title='bbox 886 4527 1134 4592; x_wconf 77' lang='lat' dir='ltr'><strong>contradictorio</strong></span> <span class='ocrx_word' id='word_1_293' title='bbox 1151 4527 1323 4606; x_wconf 65' lang='lat' dir='ltr'><strong>seinvicem</strong></span> <span class='ocrx_word' id='word_1_294' title='bbox 1339 4525 1450 4609; x_wconf 78' lang='lat' dir='ltr'><strong>excipi-</strong></span> 
     </span>
    </p>

    <p class='ocr_par' dir='ltr' id='par_1_5' title="bbox 137 4632 1450 4930">
     <span class='ocr_line' id='line_1_36' title="bbox 183 4632 1450 4723; baseline -0.007 -21"><span class='ocrx_word' id='word_1_295' title='bbox 183 4641 307 4702; x_wconf 79' lang='lat' dir='ltr'><strong>¹Nullis</strong></span> <span class='ocrx_word' id='word_1_296' title='bbox 323 4638 430 4698; x_wconf 73' lang='lat' dir='ltr'><strong>obitum</strong></span> <span class='ocrx_word' id='word_1_297' title='bbox 451 4638 544 4698; x_wconf 73' lang='lat' dir='ltr'><strong>modis</strong></span> <span class='ocrx_word' id='word_1_298' title='bbox 564 4637 693 4721; x_wconf 68' lang='lat' dir='ltr'><strong>affugere</strong></span> <span class='ocrx_word' id='word_1_299' title='bbox 710 4661 788 4723; x_wconf 85' lang='lat' dir='ltr'><strong>po··</strong></span> <span class='ocrx_word' id='word_1_300' title='bbox 825 4643 937 4710; x_wconf 62' lang='lat' dir='ltr'><strong>nutat</strong></span> <span class='ocrx_word' id='word_1_301' title='bbox 951 4632 998 4696; x_wconf 83' lang='lat' dir='ltr'><strong>vix</strong></span> <span class='ocrx_word' id='word_1_302' title='bbox 1014 4632 1052 4696; x_wconf 91' lang='lat' dir='ltr'><strong>de</strong></span> <span class='ocrx_word' id='word_1_303' title='bbox 1067 4635 1127 4696; x_wconf 83' lang='lat' dir='ltr'><strong>ulla</strong></span> <span class='ocrx_word' id='word_1_304' title='bbox 1144 4632 1304 4698; x_wconf 87' lang='lat' dir='ltr'><strong>oscitantia</strong></span> <span class='ocrx_word' id='word_1_305' title='bbox 1321 4632 1450 4715; x_wconf 78' lang='lat' dir='ltr'><strong>cogitari</strong></span> 
     </span>
     <span class='ocr_line' id='line_1_37' title="bbox 138 4737 1449 4826; baseline -0.004 -20"><span class='ocrx_word' id='word_1_306' title='bbox 138 4742 211 4822; x_wconf 85' lang='lat' dir='ltr'><strong>ruit]</strong></span> <span class='ocrx_word' id='word_1_307' title='bbox 231 4740 415 4826; x_wconf 80' lang='lat' dir='ltr'><strong>stephanius</strong></span> <span class='ocrx_word' id='word_1_308' title='bbox 431 4740 462 4804; x_wconf 89' lang='lat' dir='ltr'><strong>in</strong></span> <span class='ocrx_word' id='word_1_309' title='bbox 478 4761 531 4803; x_wconf 87' lang='lat' dir='ltr'><strong>sua</strong></span> <span class='ocrx_word' id='word_1_310' title='bbox 546 4740 679 4806; x_wconf 87' lang='lat' dir='ltr'><strong>editions</strong></span> <span class='ocrx_word' id='word_1_311' title='bbox 692 4754 763 4826; x_wconf 87' lang='lat' dir='ltr'><strong>post</strong></span> <span class='ocrx_word' id='word_1_312' title='bbox 823 4749 924 4822; x_wconf 84' lang='lat' dir='ltr'><strong>queat.</strong></span> <span class='ocrx_word' id='word_1_313' title='bbox 984 4739 1091 4802; x_wconf 83' lang='lat' dir='ltr'><strong>Potius</strong></span> <span class='ocrx_word' id='word_1_314' title='bbox 1115 4737 1209 4823; x_wconf 77' lang='lat' dir='ltr'><strong>igitur</strong></span> <span class='ocrx_word' id='word_1_315' title='bbox 1234 4739 1327 4802; x_wconf 86' lang='lat' dir='ltr'><strong>lectio</strong></span> <span class='ocrx_word' id='word_1_316' title='bbox 1360 4737 1449 4821; x_wconf 86' lang='lat' dir='ltr'><strong>hujus</strong></span> 
     </span>
     <span class='ocr_line' id='line_1_38' title="bbox 137 4841 1449 4930; baseline -0.006 -16"><span class='ocrx_word' id='word_1_317' title='bbox 137 4853 227 4914; x_wconf 79' lang='lat' dir='ltr'><strong>nullis</strong></span> <span class='ocrx_word' id='word_1_318' title='bbox 250 4845 367 4914; x_wconf 84' lang='lat' dir='ltr'><strong>addidit</strong></span> <span class='ocrx_word' id='word_1_319' title='bbox 394 4863 503 4918; x_wconf 74' lang='lat' dir='ltr'><strong>tonna,</strong></span> <span class='ocrx_word' id='word_1_320' title='bbox 525 4845 606 4930; x_wconf 90' lang='lat' dir='ltr'><strong>quod</strong></span> <span class='ocrx_word' id='word_1_321' title='bbox 626 4847 712 4922; x_wconf 86' lang='lat' dir='ltr'><strong>abest</strong></span> <span class='ocrx_word' id='word_1_322' title='bbox 732 4847 763 4910; x_wconf 92' lang='lat' dir='ltr'><strong>in</strong></span> <span class='ocrx_word' id='word_1_323' title='bbox 822 4843 885 4908; x_wconf 89' lang='lat' dir='ltr'><strong>loci</strong></span> <span class='ocrx_word' id='word_1_324' title='bbox 911 4843 970 4910; x_wconf 85' lang='lat' dir='ltr'><strong>crit</strong></span> <span class='ocrx_word' id='word_1_325' title='bbox 994 4841 1194 4910; x_wconf 83' lang='lat' dir='ltr'><strong>sollicitanda.</strong></span> <span class='ocrx_word' id='word_1_326' title='bbox 1245 4846 1363 4928; x_wconf 73' lang='lat' dir='ltr'><strong>Monuit</strong></span> <span class='ocrx_word' id='word_1_327' title='bbox 1389 4844 1449 4924; x_wconf 89' lang='lat' dir='ltr'><strong>jam</strong></span> 
     </span>
    </p>
   </div>
   <div class='ocr_carea' id='block_1_4' title="bbox 0 0 1742 5460">
    <p class='ocr_par' dir='ltr' id='par_1_6' title="bbox 0 0 1742 5460">
     <span class='ocr_line' id='line_1_39' title="bbox 0 0 1742 5460; baseline 0 0"><span class='ocrx_word' id='word_1_328' title='bbox 0 0 1742 5460; x_wconf 95' lang='lat' dir='ltr'><strong> </strong></span> 
     </span>
    </p>
   </div>
  </div>
 </body>
</html>
