3506 5458
506 337 754 410 uesanos
770 337 1081 412 usuuuuttus.
1326 321 1402 421 ’485

144 545 225 616 esni
250 546 384 642 potuit3
409 545 497 643 quin
522 561 558 617 et
580 551 670 618 inter
692 547 917 645 gravissimas
941 548 1174 644 contumelias
1198 575 1243 623 eo
1266 531 1453 626 clariorem

145 661 364 738 fortitudinis
382 689 458 742 suae
482 667 732 764 experientiam
750 669 917 766 praebuit,
952 695 1028 768 qno
1050 673 1279 747 incitatiorem
1303 671 1453 746 fortunae

143 785 335 860 adversum
352 811 392 861 se
410 787 589 862 fremitum
603 790 721 862 sensu.
774 789 844 863 Sed
864 815 930 863 nee
946 791 995 863 illi
1009 810 1069 866 aut
1090 799 1213 868 mortis
1235 795 1453 892 propinqui-

141 925 195 980 tas
228 923 291 982 aot
321 923 529 984 catenarum
556 911 786 1004 contumelia,
822 938 897 1011 quo
921 920 1037 988 minus
1064 913 1216 988 liberum
1239 914 1453 992 fortitudinis
1516 953 1518 956 ·

141 1053 239 1128 opus
254 1027 384 1122 ederet,
409 1032 556 1106 obstare
573 1031 691 1105 valuit.
749 1039 911 1127 Quorum
933 1038 1160 1108 constantiam
1184 1037 1364 1112 admirans
1389 1057 1452 1137 ty-

142 1177 287 1244 rannus,
314 1171 353 1225 ut
369 1169 521 1252 unoque
547 1157 664 1254 potius
684 1155 783 1228 bono
807 1155 913 1230 milite
930 1173 1104 1250 uteretur,
1130 1185 1241 1257 quam
1255 1163 1292 1232 in
1309 1176 1451 1234 utrum-

141 1299 214 1373 que
237 1273 543 1367 animadverteret,
569 1280 814 1350 retnissionem
840 1305 970 1376 poenae,
1004 1279 1205 1355 dummodo
1230 1298 1347 1380 partes
1368 1307 1451 1356 suas

142 1397 216 1470 fide
231 1414 342 1496 atque
357 1401 505 1471 amicitia
522 1399 688 1490 colerent,
712 1399 909 1498 pollicetur.
971 1401 1024 1474 llli
1046 1429 1142 1493 aero,
1168 1403 1361 1478 violentum
1376 1405 1452 1478 olr-

141 1521 308 1617 sequium
328 1523 408 1594 vitoe
430 1527 605 1620 respectui
631 1547 780 1622 erogare
796 1523 1006 1598 indecorum
1031 1541 1209 1624 putantes,
1232 1541 1357 1625 utpote
1379 1525 1450 1598 ali·-

141 1667 218 1716 enae
241 1642 325 1716 lidei
349 1669 458 1743 qnam
483 1635 638 1743 propriae
655 1645 760 1718 saluti
785 1647 984 1744 propiores,
1019 1647 1220 1750 conditione
1243 1647 1451 1722 insolentius

138 1783 271 1864 spreta,
299 1775 395 1865 turpi
415 1785 519 1866 pomo
538 1766 758 1868 prorogandi
785 1771 929 1866 spiritus
949 1769 1164 1858 beneficium
1189 1785 1354 1868 expetere
1375 1795 1450 1844 no-

143 1887 297 1962 luerunt
358 1894 441 1982 Quo
463 1873 542 1964 viso
563 1892 763 1988 llaqninus,
776 1915 821 1962 ne
835 1893 1012 1989 patientiae
1035 1899 1180 1990 punitor
1205 1899 1319 1992 magis
1340 1917 1451 1991 quarn

139 2009 315 2109 probator
335 2016 505 2104 existeret,
529 2017 648 2085 virtuti
673 2033 799 2086 eorum
818 2013 1094 2088 incolumitatem
1119 2013 1348 2123 tribuendam
1373 2039 1450 2113 pu-

140 2135 235 2207 tavit

275 2256 470 2328 llaraldnm
492 2279 579 2332 vero
598 2255 689 2330 duos
704 2281 748 2330 ex
766 2256 934 2356 Gyritlml
955 2256 1049 2332 lilios
1070 2257 1255 2332 susttrlisse
1267 2259 1449 2332 memoriae

140 2377 325 2477 proditum
343 2393 406 2452 est.
463 2380 626 2470 Quorum
649 2383 766 2478 major
786 2379 976 2478 llaquinns
1002 2377 1300 2454 excellentissimae
1322 2377 1451 2454 indolis

139 2503 264 2576 habitu
293 2525 335 2573 ac
354 2500 564 2573 felicissimis
586 2515 723 2574 naturae
745 2503 968 2574 incrementis
992 2501 1106 2574 fratris
1130 2499 1302 2576 Stenonis
1322 2501 1449 2600 fulgo-

138 2649 215 2698 rem
240 2635 496 2722 suppresserat
550 2620 647 2694 ldem
669 2622 819 2695 Sembos
834 2629 1060 2723 aggressus²,
1084 2651 1167 2697 cum
1191 2603 1342 2698 militum
1365 2625 1448 2696 nni-

138 2771 219 2820 mos
234 2743 422 2844 periculosi
452 2743 536 2818 belli
558 2759 722 2841 respectu
740 2743 922 2843 aliquanto
948 2745 1163 2820 infractiores
1187 2746 1449 2820 animadverte-

138 2885 202 2960 ret,
227 2891 304 2966 quo
318 2866 446 2940 melius
462 2865 717 2940 fluctuantibus
744 2867 839 2966 fugae
856 2893 959 2967 spem
981 2867 1151 2959 demeret,
1166 2873 1286 2970 ignem
1303 2866 1448 2942 subdu-

138 3008 205 3066 ctae
222 2991 324 3065 classi
343 2990 508 3088 subjecit,
525 3015 644 3087 eoque
662 2991 875 3065 necessitatis
890 2991 1100 3064 duramento
1123 2989 1369 3064 imbecillitatis
1385 2991 1447 3088 ig-

137 3116 284 3188 naviam.
296 3111 438 3212 repulit.
461 3111 584 3184 Ellecit
598 3116 703 3201 enim,
718 3127 765 3202 nt,
783 3115 1006 3212 navigiorum
1016 3109 1184 3187 facultate
1201 3111 1341 3203 defecti,
1356 3111 1447 3184 red-

137 3241 227 3312 itum
251 3238 398 3311 victoriu
421 3233 630 3308 sonandum
655 3235 982 3310 animadverterent.
1046 3239 1170 3343 lta'que
1193 3261 1268 3335 qno
1285 3237 1447 3334 aequiore

138 3368 258 3434 animo
273 3385 313 3433 se
333 3361 451 3457 ipsunt
476 3358 589 3431 classe
608 3359 794 3456 spoliavit,
821 3383 866 3432 eo
881 3359 1009 3432 tutiore
1028 3356 1120 3432 hosti
1150 3359 1266 3457 spolia
1288 3357 1447 3434 detraxit

139 3485 281 3556 Miserta
298 3499 351 3556 est
365 3461 455 3554 lunc
470 3479 634 3578 profecto
659 3481 800 3554 fortuna
818 3481 941 3552 Daniei
959 3479 1068 3572 ducis,
1095 3507 1116 3554 a
1141 3482 1365 3580 navigiorum
1384 3481 1447 3578 ja·
1535 3575 1539 3580 1
1569 3467 1572 3472 ’

138 3625 238 3682 ctura
255 3620 443 3702 nautarum
461 3601 625 3702 praesidia
641 3608 842 3691 mutuantis,
859 3627 944 3674 cnm
962 3625 1139 3674 summam
1151 3603 1272 3678 classis
1291 3605 1449 3699 inopiam

137 3753 247 3826 opem
265 3729 420 3801 victoriae
434 3743 603 3800 cerneret.
661 3729 770 3825 lgitur
789 3739 828 3799 nt
845 3722 1022 3822 prudenti,
1038 3727 1085 3798 ita
1103 3725 1306 3827 periculoso
1323 3729 1448 3798 consi·-

136 3849 186 3923 lio
201 3849 392 3924 salutarem
407 3852 613 3922 ministravit
629 3864 809 3923 eventum.
875 3851 975 3920 Potiti
991 3853 1085 3920 enim
1102 3849 1244 3921 Sembia
1260 3850 1363 3939 Dani,
1377 3870 1448 3919 ne·-

138 3974 223 4047 catis
241 3970 410 4064 maribus,
425 3971 589 4044 foeminas
604 3970 670 4043 sibi
685 3970 822 4043 nubere
842 3987 1054 4070 coegerunt,
1078 3975 1300 4068 rescissaque
1316 3967 1448 4041 dome-

137 4099 307 4168 sticomm
326 4093 631 4166 matrimoniorum
649 4093 740 4187 fide,
773 4096 921 4168 externis
938 4091 1078 4169 avidius
1094 4091 1322 4182 inhaerentes,
1345 4113 1449 4164 suam

137 4244 222 4290 cum
248 4215 350 4292 hoste
375 4217 556 4290 fortunam
590 4221 771 4292 communi
802 4223 1009 4315 nuptiarum
1042 4213 1185 4290 vinculo
1212 4214 1328 4314 partiti
1356 4228 1448 4286 sunt.

22 4415 27 4428 ,
136 4345 210 4416 Nec
228 4343 401 4416 immerito
416 4339 535 4414 Sembi
551 4344 729 4440 sanguinis
744 4341 799 4415 sni
815 4353 1018 4412 contextum
1046 4360 1066 4408 a
1089 4337 1235 4410 Danicoe
1257 4340 1371 4438 gentis
1387 4333 1448 4408 fa-

187 4581 356 4667 'GyritltaJ
380 4585 469 4647 Hane
499 4580 634 4666 reginam
656 4583 768 4644 Noster
825 4580 892 4638 nien
914 4576 1048 4640 Thoram
1073 4576 1208 4660 appellat
1232 4571 1358 4659 (script.
1390 4593 1448 4638 rer.

136 4693 221 4754 eolus
245 4702 475 4754 commemoret.
530 4687 664 4751 Adamas
690 4691 768 4750 Bee-
824 4685 902 4748 Dan.
922 4683 1007 4748 toll
1022 4703 1053 4766 p.
1065 4680 1129 4764 29.)

136 4795 248 4860 menis
261 4795 315 4860 lllt.
328 4799 355 4860 ll
372 4815 438 4880 uep-
460 4792 622 4858 Quorum
639 4791 767 4856 Heraltli
870 4792 1051 4872 ²Haqut'nue
1078 4832 1101 4850 ..
1128 4789 1244 4852 Sembos
1275 4785 1448 4872 aggressos]

132 4885 326 4966 *Gucltildtm
343 4913 439 4966 ruent.
474 4897 575 4966 states
593 4917 699 4984 regom
716 4919 766 4962 ru·
826 4899 872 4960 De
893 4893 986 5012 hacep
1000 4887 1192 4980 expeditione
1207 4893 1266 4960 rid.
1289 4905 1351 4956 not,
1369 4892 1420 4956 ub.
