3446 5458
345 342 422 418 214
683 345 861 417 ffls‘tott
886 341 995 416 DAN.
1020 341 1160 414 UBER
1186 342 1227 414 V.

299 555 418 654 major
434 555 585 646 incessit,
601 558 668 628 Per
684 551 791 642 bono,
806 555 934 650 inquit,
958 551 1090 646 lucem,
1106 575 1217 652 quam
1234 555 1365 627 inritus
1384 558 1531 652 excipio,
1545 578 1601 654 per

298 676 446 770 caelum,
472 676 576 777 quod
602 701 732 776 parum
758 673 908 748 libenter
929 672 1059 750 haurio
1084 676 1340 774 suspicioque‚
1364 676 1516 752 obsecro
1544 703 1600 752 vos

299 799 544 904 obtestorque,
557 824 603 872 ne
619 798 706 872 mihi
732 798 936 874 ulteriorem
954 800 1034 898 ejus
1052 821 1160 872 usum
1184 816 1354 897 praestare
1371 805 1528 874 animum
1550 807 1602 872 in·-

300 921 448 996 ducatis.
502 925 645 998 Frustra
668 921 845 998 volentem
868 927 985 1022 perire
1010 924 1185 997 servastis.
1236 925 1350 1022 Aquis
1372 923 1458 997 milri
1478 929 1604 1000 interire

299 1061 469 1146 negatum
482 1063 544 1139 cst,
559 1047 645 1121 ferri
657 1047 782 1125 saltem
797 1046 916 1120 officio
933 1050 1074 1118 moriar.
1127 1050 1313 1120 tremine
1328 1053 1439 1122 victus
1454 1065 1516 1124 tuo
1531 1054 1603 1150 pri·-

302 1193 413 1260 mum,
430 1171 542 1263 Erice,
559 1173 703 1272 ingenio
718 1174 815 1260 cessi,
839 1166 910 1242 hoc
923 1167 1105 1260 infelicior,
1128 1168 1241 1268 qnod,
1264 1173 1327 1268 qui
1344 1169 1540 1248 illustribus
1553 1181 1605 1247 ri-

301 1297 350 1366 ris
373 1295 528 1368 invictus
548 1297 673 1388 exstiti,
686 1293 836 1394 plebejo
853 1291 901 1365 de
915 1317 975 1365 me
993 1292 1177 1366 victoriam
1192 1293 1342 1392 praebui.
1392 1297 1521 1395 Ingens
1544 1295 1605 1370 hoc

300 1418 391 1516 regii
420 1415 569 1514 pudoris
587 1420 842 1502 irritamentum
869 1433 932 1489 est.
986 1414 1121 1489 Sufficit
1148 1415 1227 1489 hoec
1240 1415 1318 1492 sola
1334 1415 1418 1490 duci
1435 1418 1482 1491 ad
1499 1428 1605 1494 mori-

302 1537 438 1612 endum
456 1565 576 1632 causa,
606 1543 664 1616 cui
681 1539 771 1614 nihil
795 1540 910 1640 gloria
927 1544 1040 1640 magis
1057 1538 1201 1639 placere
1217 1541 1393 1632 convenit,
1415 1567 1488 1639 qua
1508 1547 1536 1617 si
1548 1569 1607 1617 ‹a-

302 1679 395 1753 reat,
427 1678 638 1738 caeterorum
672 1669 815 1762 inopem
843 1681 959 1762 putes.
1019 1661 1113 1734 Nihil
1145 1666 1240 1734 enim
1273 1667 1308 1735 iu
1332 1685 1417 1762 rege
1438 1664 1606 1742 celebrius

216 1797 228 1808 ‘
302 1785 411 1858 farne.
463 1785 603 1859 Credita
619 1783 706 1858 mibi
724 1803 800 1860 erat
821 1789 967 1860 rationis
984 1803 1092 1884 atque
1118 1784 1332 1884 eloquentiae
1348 1813 1501 1861 summa.
1549 1789 1606 1861 Sed

303 1932 460 2007 quorum
476 1925 633 2008 utroque
650 1907 792 2007 pollere
809 1910 969 2004 videbar,
993 1926 1150 2008 utroque
1166 1909 1354 1982 destitutus
1377 1933 1470 2001 sum,
1490 1937 1534 1986 eo
1548 1937 1607 1984 ca-

301 2030 507 2122 lamitosior,
524 2031 626 2130 quod
643 2057 772 2132 regum
788 2039 902 2107 victor
923 2035 971 2107 ah
987 2038 1113 2133 agresti
1130 2034 1241 2106 victus
1255 2031 1390 2107 videor.
1445 2034 1541 2127 Quid
1556 2041 1608 2108 vi-

301 2169 338 2228 ta
358 2154 485 2250 donas,
503 2181 614 2256 quem
629 2155 743 2258 gloria
761 2155 941 2255 spoliasti?
961 2133 1140 2250 Sororem,
1156 2181 1316 2256 regnum,
1336 2181 1474 2256 gazam,
1491 2157 1608 2257 supel-

301 2275 454 2352 lectilem
467 2295 512 2368 et,
528 2279 631 2379 quod
644 2281 685 2356 iis
698 2283 819 2380 majus
837 2296 899 2373 est,
914 2277 1158 2352 claritudinem
1173 2277 1324 2378 perdidi,
1342 2295 1393 2351 tot
1410 2280 1533 2354 infelix
1549 2307 1609 2354 ca-

302 2401 415 2494 sibus,
432 2420 523 2502 quot
540 2418 579 2476 tu
594 2403 794 2477 formantes
808 2407 1018 2504 agnosceris.
1073 2402 1168 2496 Quid
1186 2420 1283 2478 tanto
1301 2419 1484 2502 superstes
1500 2402 1608 2477 dede-

305 2525 382 2598 cori
399 2527 638 2602 reserrabor?
677 2531 769 2621 Quae
784 2525 871 2600 mihi
897 2524 1042 2600 libertas
1058 2541 1130 2599 tam
1146 2523 1229 2600 felix
1255 2527 1330 2615 erit,
1348 2542 1389 2599 ut
1404 2530 1608 2625 captivitatis

304 2649 538 2748 ignominiam
554 2647 696 2723 demat?
721 2648 817 2744 Quid
832 2648 919 2723 mihi
931 2655 1117 2748 sequeutia
1135 2643 1318 2723 conferent
1340 2665 1517 2748 tempora,
1534 2673 1609 2750 que

302 2769 393 2844 nihil
411 2774 477 2844 nisi
493 2775 759 2872 preteritorum
776 2773 956 2846 miseriam
972 2771 1179 2866 redolentia,
1195 2770 1340 2872 longam
1357 2774 1477 2847 animo
1496 2775 1609 2875 peni-

301 2897 447 2966 tentiam
462 2896 711 2996 generabunt?
735 2894 832 2989 Quid
847 2896 928 2969 vitae
942 2893 1134 2994 productio
1148 2894 1320 2995 proderit,
1341 2893 1456 2970 solam
1473 2902 1610 2972 tristitie

302 3024 513 3093 memoriam
535 3017 713 3093 relatiua?
769 3017 863 3092 Nihil
886 3015 1095 3094 calamitosis
1116 3015 1310 3117 jucundius
1332 3035 1459 3094 morte.
1520 3018 1611 3092 Felix

299 3157 356 3215 est
368 3141 500 3232 obitus,
520 3147 582 3242 qui
602 3142 762 3217 succedit
776 3161 928 3243 optatus.
979 3145 1046 3216 Hic
1070 3166 1143 3213 nou
1157 3158 1366 3243 temporum
1388 3140 1609 3217 dulcedinem

300 3263 406 3356 tollit
429 3263 494 3338 sed
514 3289 636 3339 rerum
659 3265 843 3341 fastidium
867 3267 1053 3340 consumit
1104 3269 1144 3338 In
1159 3270 1341 3367 prosperis
1365 3264 1474 3358 salus,
1492 3272 1527 3338 in
1544 3264 1610 3338 ad-

302 3386 558 3462 remanetur
578 3388 691 3462 {atram
707 3394 849 3488 petitur.
902 3388 1009 3463 Nulla
1023 3414 1083 3462 me
1101 3389 1291 3462 meliorum
1308 3413 1392 3488 spes
1412 3385 1459 3460 ad
1474 3385 1612 3462 vivendi

303 3509 534 3611 cupiditatem
559 3511 714 3586 adducit.
765 3515 852 3606 Quis
881 3509 928 3584 ad
953 3510 1108 3586 solidum
1136 3511 1326 3586 laceratam
1353 3511 1611 3584 fortunae-meae

302 3651 435 3730 sortem
458 3637 627 3708 resarciet
642 3637 771 3710 casus?
823 3637 869 3709 Et
890 3637 963 3736 jam
983 3634 1133 3728 horum,
1147 3637 1214 3708 nisi
1231 3631 1486 3735 periclitantem
1506 3659 1612 3712 erce-

301 3761 453 3862 pissetis,
484 3759 671 3832 immemor
687 3783 816 3834 essem.
865 3757 1078 3832 ReddIderis
1095 3783 1257 3856 reguum,
1276 3781 1439 3832 sororem
1457 3755 1610 3832 reduxe-

298 3886 361 3976 ris,
383 3883 633 3960 instauraretis
659 3905 803 3984 gaeamz
830 3881 1024 3956 claritatem
1043 3905 1211 3980 reparare
1225 3907 1298 3954 nou
1318 3881 1461 3980 poteris
1511 3879 1611 3970 Nihil,

299 4004 406 4107 quod
421 4021 597 4082 resartum
611 4021 674 4098 en,
697 4011 820 4106 integri
838 4003 1072 4104 splendorem
1088 4003 1247 4079 habebit
1299 4005 1490 4102 Captivum
1507 4003 1612 4078 luisse

301 4129 533 4221 Frothonem,
547 4127 712 4231 longara
725 4129 922 4203 recensebit
937 4129 1042 4201 fama.
1097 4132 1286 4220 Caeterum,
1301 4129 1332 4200 si
1346 4125 1496 4202 inflictas
1510 4125 1610 4200 vobis

301 4279 345 4328 ex
363 4279 422 4328 me
443 4250 639 4326 calumnias
654 4254 888 4344 muneratis&
907 4255 1032 4326 vestris
1050 4249 1217 4326 occidere
1239 4247 1406 4323 manibus
1427 4251 1556 4343 merui,
1581 4248 1611 4318 si

300 4375 432 4451 damna
459 4373 625 4467 recolitis,
648 4373 811 4450 beneficii
836 4377 1024 4475 paenitebit
1090 4374 1245 4449 Pudebit
1265 4371 1481 4448 subventum
1507 4371 1611 4448 luisse

258 4565 259 4568 ,
299 4499 407 4593 hosti,
421 4502 451 4576 si
468 4491 656 4574 atrocitatis
673 4501 751 4598 ejus
769 4501 803 4572 in
818 4524 884 4576 vos
899 4495 1109 4600 magnitudo
1123 4514 1271 4573 taxetur.
1327 4496 1423 4591 Quid
1441 4523 1503 4571 reo
1521 4519 1609 4596 par-

298 4625 407 4704 ciust
427 4621 518 4721 quid
542 4647 688 4696 manum
713 4647 734 4696 a
758 4623 994 4723 persecutoris
1018 4623 1125 4697 vestri
1137 4619 1269 4722 jugulo
1292 4619 1494 4698 cohibetis?
1542 4620 1610 4688 Par

296 4783 436 4870 querele!
472 4777 641 4844 Frothonit
674 4791 710 4843 et
752 4779 925 4845 hominist
1039 4775 1236 4858 ¹Mtrncratisl
1264 4775 1403 4864 Legeod.
1439 4777 1610 4843 recantatis·

296 4889 382 4954 Eriei
400 4885 566 4952 contexuit.
735 4903 738 4910 ⁴
995 4885 1076 4970 (lig)
