3442 5456
581 376 587 399 ,
644 299 882 389 nomana
933 349 937 363 .
1291 308 1362 408 aq

101 509 321 616 compleam
341 513 467 612 ulmae
484 533 527 589 ac
543 511 647 591 tantis
663 508 910 591 munificentie
923 513 1003 614 ejus
1020 517 1152 595 menae
1171 518 1353 616 inritatus,
1368 521 1416 613 od

100 636 345 739 abjiciendum
366 633 509 712 ultiouis
532 637 759 734 propositum
789 630 890 708 nullo
919 634 1146 742 indulgentiae
1171 638 1416 718 blandimento

98 758 225 838 seduci
246 774 398 860 poterat,
422 783 500 862 quo
525 758 643 830 ruinas
657 753 814 828 debitam
838 755 1020 836 maleficta
1042 761 1122 860 ejus
1138 767 1289 862 gratiam
1311 767 1418 840 etiam

101 881 273 982 postlata
294 881 428 956 referre
440 895 627 986 satageret,
640 877 869 976 extinctoque
894 881 1172 979 picissitndinem
1191 885 1418 962 humanitatis

103 1001 299 1100 rependere
328 1019 479 1094 curaret,
514 1002 619 1100 eujus
639 995 760 1074 adhue
787 1003 935 1078 extantia
954 1006 1237 1106 amano'ssimum
1260 1011 1416 1086 animum

100 1125 457 1224 liberalissimamque
470 1125 657 1200 amicitiam
671 1138 840 1224 expertus
856 1122 979 1198 fuerat.
1014 1124 1116 1204 Adeo
1132 1134 1270 1230 quippe
1284 1134 1417 1206 miser-

102 1251 229 1324 rimam
249 1245 499 1322 Fmthonianae
516 1243 628 1320 eladis
653 1247 844 1346 imaginem
872 1243 942 1324 alte
965 1251 1104 1348 pectori
1119 1256 1284 1328 insertam
1305 1279 1417 1356 gere-

100 1373 176 1466 bat,
200 1389 243 1448 ut
256 1371 303 1444 ab
319 1371 441 1444 intimo
457 1366 741 1472 praecordiorum
759 1367 838 1466 ejus
862 1391 1005 1446 secessu
1031 1370 1216 1450 clarissimi
1235 1374 1339 1456 ducis
1352 1401 1417 1454 re-

102 1509 250 1596 spectus
267 1490 419 1569 convelli
446 1492 622 1592 nequiret,
646 1507 756 1590 atque
778 1490 829 1564 ob
864 1489 936 1568 hoc
953 1495 1120 1594 praesenti
1139 1495 1318 1577 beneficio
1336 1501 1419 1600 pri.

102 1619 205 1694 stinae
228 1615 471 1694 familiaritatis
493 1612 635 1690 titulum
656 1629 872 1714 anteponere
895 1639 970 1690 nou
995 1613 1181 1696 dubitaret
1242 1623 1419 1700 Caeterum

103 1743 300 1842 superioria
326 1734 551 1812 contumeliae
584 1743 757 1812 memoria
787 1733 875 1812 nihil
901 1739 1024 1836 gratie
1047 1747 1207 1842 sequenti
1238 1743 1420 1848 obsequio

102 1861 269 1952 reddidit,
294 1859 444 1938 lacessiti
467 1858 617 1960 pudoris
639 1859 869 1959 ignominiam
894 1857 1075 1960 deponere
1094 1871 1280 1966 nequiens.
1329 1869 1420 1968 (Te-

58 2066 70 2074 ‚
102 1988 229 2071 narius
244 1989 337 2060 enim
361 1984 573 2084 injuriarum
599 1979 658 2056 vel
672 1980 932 2059 beneficiorum
952 1985 1123 2086 imagines
1148 1988 1292 2077 fortium
1306 2015 1421 2092 quan

102 2108 270 2187 mollium
289 2107 417 2182 animis
434 2103 606 2184 uterere
620 2107 907 2204 consueverunt.)
948 2109 1073 2207 Neque
1087 2111 1182 2184 enim
1199 2111 1344 2188 illorum
1357 2121 1420 2190 iu-

103 2235 221 2313 suevit
241 2229 418 2320 moribus,
443 2229 506 2326 qui
523 2229 721 2304 amicorum
742 2251 959 2328 prosperum
975 2231 1056 2307 vite
1072 2229 1217 2317 cursmn
1242 2238 1421 2335 counitam

103 2375 181 2449 tur,
203 2353 406 2441 adversum
428 2349 617 2450 deserunt,
649 2355 788 2450 quique
813 2351 968 2454 fortuma
1003 2354 1118 2452 magis
1145 2379 1256 2456 quam
1288 2363 1423 2439 mutati

103 2479 244 2557 cultum
267 2475 445 2566 tribuunt,
464 2477 621 2574 propriis
645 2471 845 2549 commodis
872 2498 984 2572 quam
1009 2473 1132 2550 alienae
1162 2478 1422 2579 benevolentiae

104 2606 317 2704 propiores,
367 2593 661 2670 Animadvertena
677 2611 797 2673 autem
813 2600 976 2696 pertinax
997 2605 1171 2698 propositi
1196 2600 1354 2700 samaa,
1376 2631 1424 2683 ne

102 2721 322 2824 sicquidem
337 2717 559 2794 convivalem
571 2742 592 2792 a
606 2741 691 2794 seue
705 2715 917 2794 hilaritatem
934 2718 1013 2794 elici
1034 2745 1155 2822 posse,
1171 2741 1212 2800 ut
1228 2723 1424 2804 blanditia-

104 2873 192 2926 rum
223 2859 385 2944 ooeptum
408 2838 601 2916 liberaliori
625 2845 792 2914 comitate
822 2858 1102 2942 prosequeretur
1125 2845 1425 2926 cumulatiorem-

106 2996 182 3072 que
197 2967 334 3065 hospiti
347 2964 524 3038 honorem
546 2961 722 3057 redderet,
735 2962 879 3038 tibicine
894 2962 940 3038 de
955 2963 1130 3040 industria
1144 2969 1323 3046 modulari
1337 2973 1425 3074 jus-

104 3121 160 3186 so,
181 3091 358 3182 musam¹,
383 3111 456 3186 qua
477 3083 730 3185 indignationis
744 3087 824 3188 ejus
846 3088 1340 3186 perseverantiaflectetetur,
1362 3097 1425 3168 in-

106 3216 228 3306 stituit,
245 3209 434 3286 artificialis
448 3212 524 3282 soni
545 3210 738 3282 ministerio
755 3208 935 3288 naturales
953 3210 1186 3289 inclementiae
1208 3239 1340 3292 nervos
1357 3215 1428 3290 eli-

106 3339 197 3412 dere
223 3337 385 3432 cupiens.
443 3329 514 3403 Sed
532 3327 662 3404 fistulae
680 3348 743 3405 aut
765 3329 984 3406 chordarum
1006 3331 1222 3410 lenocinium
1244 3338 1281 3412 in
1304 3326 1427 3418 halie-

109 3457 223 3536 tanda
240 3456 307 3532 uiri
323 3453 516 3554 pertinacia
530 3477 661 3552 parum
674 3453 796 3532 efficax
812 3457 950 3528 mansit.
1006 3456 1157 3532 Auditor
1171 3464 1264 3532 enim
1281 3458 1428 3534 exhibi-

108 3607 189 3660 tum
221 3579 288 3656 sibi
308 3577 444 3650 cultum
475 3577 683 3678 figmentum
710 3583 824 3676 magis
849 3602 961 3678 quarn
982 3580 1159 3654 caritatem
1178 3578 1341 3656 redolere
1357 3607 1428 3656 eo-

106 3705 245 3808 gnovit.
299 3705 380 3794 Quo
396 3701 522 3792 evenit,
547 3716 587 3772 ut
600 3698 721 3775 elusus
737 3707 906 3799 opinione
923 3725 989 3775 sua
1012 3705 1142 3778 mimus
1165 3721 1290 3780 statuae
1314 3706 1429 3806 tnagis

109 3853 227 3932 quam
247 3823 381 3900 homiui
398 3846 525 3894 canere
551 3839 748 3922 putaretur,
776 3824 1013 3924 disceretque,
1037 3825 1349 3924 ponderosissima
1364 3852 1429 3902 se·

109 3951 269 4030 ueritatis
285 3962 415 4022 statum
431 3944 564 4018 frustra
586 3970 790 4020 scurrarum
815 3946 955 4023 lusibus
977 3955 1157 4042 attentari,
1174 3951 1342 4047 inanique
1359 3953 1430 4022 oris

109 4068 296 4174 spiraculo
312 4069 474 4140 maximae
500 4068 552 4140 rei
573 4067 705 4141 molem
731 4069 938 4144 labefactari
958 4095 1030 4142 non
1045 4095 1163 4169 posse.
1221 4071 1322 4144 Adeo
1337 4077 1431 4144 euim

110 4191 352 4270 Starcatherus
377 4192 449 4264 oris
471 4188 635 4262 habitum
660 4191 908 4292 indignationis
928 4194 1125 4290 pertinacia
1150 4192 1371 4283 firmaverat,
1391 4207 1431 4266 ut

110 4316 214 4392 nulla
229 4339 271 4387 ex
290 4329 391 4412 parte
410 4327 580 4384 consveto
601 4312 779 4389 infractior
791 4313 977 4388 videretur.
1039 4317 1184 4415 Quippe
1200 4313 1343 4388 debitus
1356 4338 1431 4387 vo-

110 4447 157 4515 tis
176 4444 293 4540 rigor,
313 4461 380 4508 nec
402 4434 498 4507 tibiae
527 4449 636 4508 cantu
670 4461 737 4510 nec
761 4437 867 4540 gulae¹
884 4436 1076 4510 lenimento
1099 4436 1320 4536 permulsuS‚
1348 4435 1431 4536 plus

113 4545 264 4640 strenuo
275 4557 438 4658 virilique
444 4559 641 4660 proposito}
647 4581 758 4658 quana
772 4565 913 4634 aurium
926 4573 987 4632 aut
998 4557 1096 4660 epuli
1108 4557 1357 4648 blandimentis
1365 4561 1432 4634 tri-

164 4775 318 4862 ¹Masam]
334 4769 374 4841 ld
384 4791 431 4842 est
446 4797 577 4842 carmen.
626 4777 749 4862 Cogita·
806 4777 915 4864 Eclog.
937 4773 965 4857 1,
985 4773 1022 4840 2:
1039 4779 1205 4844 Sdoestrem
1220 4787 1303 4884 tenui
1313 4787 1432 4848 Musam

116 4881 164 4944 rit
196 4881 279 4946 forte
305 4887 418 4948 Noster
442 4882 646 4970 virgilianum
673 4883 751 4951 illud
808 4885 959 4947 meditaris
978 4907 1080 4948 aaran
