3458 5454
367 319 442 392 354
697 315 874 390 luston.
893 317 998 388 Dan.
1015 317 1152 388 LIBER
1170 317 1243 390 Vll.

314 527 480 632 supplicii
495 528 644 604 modum
666 525 839 600 adbibere
854 525 1005 618 solebat,
1020 542 1072 619 ut,
1089 523 1222 604 dextris
1238 552 1367 604 eornm
1383 525 1541 628 pedibus
1555 542 1618 602 ter-

315 679 364 728 rae
378 654 534 728 tenacius
550 650 679 743 affixis,
700 648 813 723 laevos
836 655 992 724 curvatis
1012 650 1059 724 de
1081 648 1257 725 industria
1278 655 1387 724 ramis
1418 665 1620 740 anneamt

316 799 473 876 quorum
499 757 660 850 salacitas
691 771 795 844 medii
819 778 981 871 corporis
1002 772 1229 847 distractione
1249 789 1457 848 recurreret.
1517 775 1622 866 Quem

313 898 445 972 Fieniae
459 923 522 969 rex
535 899 651 986 Heca,
666 893 754 968 dum
767 897 949 992 speciosos
961 895 1030 970 sibi
1048 893 1170 970 titulos
1184 900 1407 970 consciscere
1421 894 1536 992 cupit,
1550 913 1622 966 aaa·

314 1021 436 1093 ritimis
450 1018 583 1094 viribus
596 1041 825 1116 oppugnare:
837 1033 1005 1111 conatus,
1025 1016 1150 1118 fugam
1171 1045 1247 1092 uno
1264 1025 1451 1092 comitatus
1472 1015 1621 1116 ingredi-

230 1183 232 1186 ·
314 1161 385 1218 tur.
443 1144 483 1234 In
507 1144 614 1238 cujus
635 1139 948 1238 exprobrationem
977 1139 1213 1238 proverbiaun
1229 1147 1406 1216 manavit:
1430 1141 1471 1210 ln
1485 1143 1624 1236 proprio

314 1265 398 1366 plus
422 1262 497 1337 lare
516 1265 705 1336 Honorem
731 1259 883 1336 valeret
942 1266 1047 1335 Tunc
1070 1266 1263 1356 liemarus,
1283 1262 1490 1336 ulteriorem
1504 1261 1624 1333 civium

314 1391 487 1489 jacturam
509 1389 710 1482 inspectare
733 1410 806 1456 non
831 1407 978 1483 passus,
1002 1385 1158 1460 Rethoni
1181 1409 1221 1460 se
1237 1384 1380 1484 objicit3
1410 1407 1568 1483 quorum
1593 1397 1624 1454 nt

317 1525 484 1584 mutuum
500 1504 651 1595 bellum,
666 1508 712 1578 ita
727 1512 834 1580 etiam
851 1511 993 1582 exitium
1012 1508 1087 1582 fuit.
1140 1505 1278 1583 Eadem
1289 1533 1414 1607 pugna
1430 1503 1624 1578 Haldanum

315 1633 470 1734 graviter
495 1629 662 1703 affectum
681 1629 776 1702 fama
795 1646 847 1701 est
861 1629 1084 1729 aliquamdiu
1106 1633 1278 1730 susceptis
1296 1630 1530 1728 oblonguisse
1546 1626 1623 1702 vul-

316 1755 483 1848 neribus;
506 1752 680 1852 equibus
694 1777 808 1826 unum
824 1751 1025 1828 evidentius
1044 1761 1097 1827 ori
1120 1753 1291 1828 inflictum
1318 1751 1500 1840 habebat,
1534 1748 1623 1849 quod

317 1877 409 1952 adeo
427 1877 586 1950 cicatrice
603 1880 840 1972 conspicuum
858 1891 951 1967 erat,
981 1893 1031 1968 ut,
1047 1881 1184 1962 caeteris
1199 1875 1341 1950 medela
1356 1875 1544 1964 recreatis,
1559 1897 1620 1970 pa-

316 2001 457 2074 tentiori
473 1995 631 2097 quodam
648 1996 813 2095 lentigine
839 2012 1025 2073 teneretur.
1079 1997 1239 2074 Oblisana
1253 2005 1390 2098 quippe
1404 1994 1527 2068 labelli
1541 2018 1620 2094 park

317 2140 391 2197 tem
414 2123 462 2194 ita
500 2145 658 2194 verrucae
687 2122 809 2194 vidum
833 2119 1038 2212 ulcerabat,
1071 2125 1212 2222 atejus
1239 2127 1371 2194 rimosa
1395 2119 1498 2193 tabes
1521 2123 1621 2192 camis

285 2313 288 2320 A
317 2258 538 2320 excremento
552 2244 673 2314 sarciri
687 2249 857 2342 nequiret.
915 2249 1005 2338 Quae
1020 2269 1080 2319 res
1096 2246 1129 2316 ei
1151 2243 1300 2343 plenum
1312 2241 1537 2318 contumeliae
1559 2265 1618 2314 co·

317 2369 496 2467 gnomen²
512 2368 703 2464 impressit,
720 2391 834 2465 quum
855 2371 975 2466 potius
995 2368 1145 2442 vulnera
1166 2366 1321 2442 adverso
1343 2389 1500 2463 corpore
1521 2387 1616 2438 exce-

316 2507 380 2588 pta
392 2487 537 2562 landem
554 2513 665 2588 qnam
687 2488 846 2565 dedecus
870 2490 996 2565 afferre
1012 2489 1159 2565 soleant.
1216 2489 1318 2564 Adeo
1337 2487 1493 2587 maligna
1513 2493 1615 2562 etau-

318 2629 392 2688 tum
408 2617 584 2711 interpres
600 2613 758 2712 vulgaris
776 2613 955 2688 interdum
970 2617 1083 2689 existit
1098 2615 1232 2715 opinio.

417 2781 421 2790 ι
449 2738 587 2810 Interea
610 2735 680 2809 Alfi
694 2735 768 2810 filia
790 2736 952 2832 Guaitha,
977 2763 1093 2837 quum
1114 2743 1250 2837 regiam
1267 2737 1414 2834 stirpem
1435 2731 1485 2807 ud
1506 2755 1543 2806 se
1560 2753 1614 2804 to·

318 2858 391 2932 lam
408 2856 590 2934 redactam
607 2858 915 2949 animadverteret,
939 2864 1201 2960 neminemque,
1229 2847 1288 2934 cui
1309 2859 1474 2950 nuberet,
1497 2851 1614 2928 nobli-

318 2995 388 3054 tate
401 3005 529 3080 parem
543 2979 701 3074 haberet,
715 2987 931 3080 nuncupatis
946 2990 1036 3063 votis
1054 2983 1290 3062 voluntariam
1307 2981 1374 3056 sibi
1392 2981 1615 3056 uasdmmiam

318 3100 452 3196 indixit,
477 3103 748 3202 concubituque
762 3129 884 3178 carere
910 3132 1020 3205 qnam
1055 3106 1225 3207 explebe
1249 3106 1414 3180 maritum
1438 3101 1616 3178 adsciscat¹

320 3230 431 3302 satius
449 3225 559 3300 duxit.
609 3228 705 3320 Quin
728 3229 832 3303 etiam
848 3228 1016 3304 eavmdae
1032 3231 1174 3330 injuriae
1191 3230 1306 3329 gratia
1327 3223 1504 3302 conclave
1524 3245 1618 3300 suum

318 3345 432 3424 electe
446 3347 613 3450 pugilum
630 3356 772 3449 agmine
786 3351 978 3428 tutabatur.
1038 3350 1095 3428 Ad
1110 3377 1221 3454 quam
1237 3377 1353 3451 quum
1368 3347 1553 3424 Haldanus
1565 3369 1617 3420 aa·

372 3623 422 3682 'Ia
431 3623 555 3707 proprio
569 3625 638 3708 plus
651 3625 715 3686 lore
726 3625 878 3686 Hauonem
892 3648 945 3685 aa·
1003 3625 1095 3688 nicea
1116 3624 1199 3688 Erlci
1220 3621 1347 3708 (Script.
1365 3643 1426 3686 rer.
1442 3625 1521 3686 Dan.
1541 3619 1619 3684 rol-l

319 3722 390 3807 lere]
410 3725 574 3790 Adluditnr
599 3727 638 3790 ad
664 3725 845 3790 vocabulum
869 3728 944 3812 galli
1002 3755 1033 3816 p.
1050 3728 1124 3810 154)
1139 3731 1205 3794 baec
1220 3731 1343 3794 mutetis
1363 3727 1517 3792 monnau
1535 3737 1620 3790 mant·

318 3831 487 3914 gallinacei,
505 3831 588 3917 quod
600 3833 633 3896 in
653 3845 757 3896 nostru
774 3835 874 3917 lingva
897 3848 944 3898 est
1002 3835 1064 3900 sert
1085 3835 1122 3900 ad
1141 3834 1342 3920 llandlngnaa
1366 3833 1549 3919 prnttcauu
1566 3831 1622 3896 Sit·

319 3942 415 4002 Hane.
457 3937 659 4002 Proverbiuna
671 3939 787 4002 Dacico
800 3937 943 4006 idiomate
1003 3942 1114 4008 landiae
1134 3943 1181 4006 bis
1202 3939 1316 4006 aerblat
1339 3945 1394 4004 iste
1412 3963 1526 4026 semper
1545 3943 1623 4023 sinpe-

318 4043 356 4111 ad
370 4043 506 4122 verbum,
528 4058 562 4106 ut
578 4044 640 4128 jam
651 4045 769 4108 monuit
784 4045 945 4130 Stephani·
1005 4052 1110 4114 deado
1129 4053 1205 4114 alios
1221 4049 1376 4135 perdidit,
1402 4064 1432 4110 et
1450 4041 1623 4131 defendendo

320 4152 418 4230 mac
431 4150 538 4240 habeta
551 4157 682 4216 Haaeer
696 4151 826 4215 hiemme
840 4153 944 4235 rigeat.
1003 4181 1034 4222 se
1060 4161 1139 4218 aicit.
1206 4155 1289 4219 Unde
1313 4177 1350 4214 ee
1379 4175 1413 4213 eo
1440 4161 1625 4216 eructuant

244 4238 255 4265 ⁸
317 4256 496 4342 Respondet
531 4258 625 4343 igitur
648 4257 814 4342 proverbio
838 4258 945 4335 latino,
1000 4258 1625 4347 prmraamrtludfftundntenoeraoesa

319 4383 380 4447 qno
396 4385 465 4426 usus
477 4375 524 4428 est
536 4366 650 4428 Seneca
672 4365 703 4426 in
724 4363 798 4427 ludo
811 4363 849 4428 de
862 4385 946 4428 mor·

321 4481 350 4532 le
371 4469 488 4533 Claudii
512 4471 655 4534 Castris:
695 4473 812 4534 Gallum
834 4477 865 4534 t'n
891 4495 945 4534 sno
1048 4473 1201 4532 ²Pleanm
1241 4473 1420 4534 contumeliae
1462 4457 1624 4550 rogatam]

318 4579 497 4658 sterqualimb
522 4579 680 4663 pharamam
702 4599 798 4661 posse.
862 4577 945 4640 Hinc
1003 4578 1106 4659 Ipsum
1129 4595 1300 4660 cognomen
1322 4579 1402 4640 Saxo
1424 4566 1625 4639 baudattuliir

319 4679 381 4761 jaan
393 4693 489 4763 patet,
500 4681 647 4764 originem
658 4682 814 4764 proverbii
821 4705 884 4745 non
898 4683 945 4744 hi·
1003 4681 1133 4744 sortasse
1151 4683 1327 4752 existimans¹
1355 4680 1434 4744 illud
1457 4677 1549 4744 latiae
1565 4693 1624 4736 ser·

318 4782 463 4848 storicam
476 4803 539 4848 esse
553 4785 605 4850 sed
620 4787 817 4852 domesticam
829 4801 862 4852 et
873 4788 943 4873 qui·
1002 4809 1092 4852 mone
1115 4789 1196 4854 baud
1223 4789 1297 4854 satis
1328 4788 1477 4854 concinne
1504 4777 1621 4868 exprimi

319 4887 388 4950 dena
413 4907 448 4952 ex
471 4892 631 4994 qallinario
651 4893 787 4978 petitam.
847 4893 944 4979 Clpo·
1005 4914 1104 4980 posse.
1255 4875 1258 4884 ⁴
