3458 5454
557 369 567 380 -
622 325 876 410 nunnitus.
1283 334 1356 410 stt

232 542 305 621 Sed
327 550 500 644 qnoniam
524 559 621 645 ogre
642 543 866 621 devictorum
889 545 1029 644 ingenio
1060 549 1244 642 quiescere
1264 544 1407 621 solitum

101 682 163 761 est,
176 683 211 741 et
225 673 261 741 in
284 667 430 743 vetitum
451 691 596 766 semper
615 668 845 743 snbnctomm
864 665 1069 741 obluctetur
1083 666 1305 765 improbitas,
1338 690 1411 741 oo-·

100 789 199 882 obt,
223 805 265 864 nt
284 791 431 880 Ericut,
462 787 553 862 dum
576 789 673 890 iuge
694 788 835 864 damnis
854 788 1046 863 consulere
1068 789 1195 882 studet,
1228 788 1409 888 subjectns

99 909 262 986 Holdono
282 911 487 1012 provincias
507 925 701 986 attentaret.
767 911 837 986 Sed
853 935 901 984 ne
914 911 1067 984 Donism
1089 909 1239 1008 quidem
1261 911 1309 984 ab
1336 910 1411 986 hoo

98 1035 242 1108 sterium
266 1057 396 1134 genere
421 1036 618 1106 immunem
644 1033 803 1133 reliquit,
834 1058 1010 1133 perquam
1033 1032 1183 1132 dignum
1208 1033 1409 1107 existimans

97 1159 177 1257 ejus
194 1155 370 1230 lacessere
385 1157 555 1253 patriam,
576 1179 643 1254 per
664 1181 773 1255 quem
797 1179 862 1230 sua
890 1157 1041 1231 abactus
1064 1155 1190 1230 fuerat
1247 1159 1296 1229 lto
1318 1155 1406 1230 dum

97 1282 265 1379 injuriam
278 1277 408 1352 inferre
423 1301 534 1376 Qum
549 1277 726 1377 repellere
742 1278 881 1372 moluit,
915 1279 1065 1354 Svetinm
1087 1280 1193 1352 ermis
1215 1275 1406 1354 hostilibus

96 1402 270 1478 liberarit.
323 1403 466 1499 Quippe
483 1426 567 1474 cum
585 1401 771 1476 Heldunns
794 1401 990 1477 Heraldmn
1008 1401 1151 1475 fratrem
1171 1401 1218 1474 ab
1233 1426 1277 1475 eo
1292 1401 1409 1478 tribus

97 1525 276 1600 devictum
298 1521 446 1622 preliis,
478 1539 607 1621 quarto
636 1531 797 1598 occisum
819 1539 1029 1625 cognosset,
1062 1521 1239 1597 omittendi
1264 1523 1406 1622 imperii

96 1663 205 1737 metu,
228 1643 359 1720 relictis
382 1647 562 1718 Sreonum
581 1648 695 1746 egris,
715 1649 867 1746 patrium
886 1661 1051 1746 repetere
1073 1661 1219 1722 coaetus
1243 1661 1311 1720 este
1356 1649 1406 1719 itt

96 1775 234 1862 Enicas,
257 1791 335 1867 qno
352 1765 489 1840 tacitos
505 1771 631 1842 Stetiae
646 1793 798 1869 regnum
815 1767 983 1858 desernit,
1004 1767 1076 1842 hoc
1097 1768 1247 1842 celerius
1264 1771 1404 1866 recepit.

96 1897 213 1986 Quem
228 1895 256 1966 si
272 1890 418 1963 munna
432 1913 537 1988 teque
551 1893 587 1962 in
599 1891 786 1964 retinendo
801 1912 916 1990 regno
940 1913 983 1963 uc
999 1888 1252 1990 recuperando
1265 1891 1407 1966 instru-

96 2041 155 2090 ere
172 2013 353 2100 voluisset,
374 2033 606 2110 nequaquam
620 2012 786 2088 Heldono
809 2013 1060 2112 prendendum
1078 2010 1265 2089 dedisset
1323 2019 1412 2090 (ln-⁴

95 2141 153 2237 jos
166 2137 342 2236 captionis
356 2131 487 2208 modus
504 2133 564 2211 hic
578 2151 663 2208 erot.
717 2139 894 2209 Reversus
909 2137 1105 2210 inSretism
1121 2135 1315 2231 Hnldnnus,
1335 2163 1411 2212 oc·-

95 2259 225 2334 cnlte'ttt
241 2281 308 2358 per
321 2253 464 2329 insidias
480 2255 605 2348 classe,
623 2255 718 2330 binis
747 2257 890 2332 obviem
906 2259 1012 2330 Erico
1034 2260 1182 2357 navigiis
1198 2259 1404 2357 proficisci·-

96 2398 159 2456 tur.
215 2385 247 2454 A
268 2402 345 2478 quo
369 2375 471 2452 denis
492 2384 634 2475 petitus,
657 2382 765 2455 variis
786 2382 1020 2478 navigationis
1037 2378 1250 2455 reflexibus²
1267 2379 1314 2453 ad
1331 2390 1407 2454 oc-'

95 2503 234 2578 cultum
249 2525 399 2576 suorum
413 2523 542 2601 agmen
562 2499 744 2576 relabitur.
803 2505 917 2596 Quem
933 2501 1077 2602 longius
1094 2507 1302 2602 insequente
1314 2505 1403 2574 Eri·-

95 2651 148 2720 co,
175 2627 312 2698 Dnuica
334 2639 448 2722 ponto
471 2620 592 2696 classis
612 2625 768 2723 emergit
836 2605 1104 2699 Circumventus
1133 2631 1254 2723 itaque
1276 2626 1402 2697 Ericus
1499 2685 1504 2694 .

93 2749 257 2839 oblatum
272 2745 337 2820 sibi
355 2745 425 2820 sub
442 2745 618 2820 serviendi
632 2745 835 2820 conditione
852 2747 1011 2844 spiritum
1028 2747 1240 2846 repudiavit,
1259 2745 1403 2820 lucem·-

94 2897 166 2970 que
184 2869 335 2942 libertati
349 2867 522 2966 praeierrc
540 2893 613 2941 non
627 2891 767 2966 passus,
789 2875 878 2941 mori
901 2895 1012 2968 quam
1035 2870 1190 2969 obsequi
1212 2883 1401 2967 praeopta-

94 2997 162 3084 vit,
189 3015 235 3066 ne
262 2993 343 3066 vite
366 2989 558 3088 cupiditate
583 3015 626 3062 ex
650 2987 765 3063 libero
787 3015 914 3067 servus
938 2991 1091 3066 evadere
1115 2990 1294 3066 videretur
1331 3005 1402 3080 aut,

93 3141 203 3215 quom
223 3137 340 3214 nuper
368 3113 511 3187 fortuna
534 3127 728 3212 aequasset,
761 3137 859 3186 novo
888 3113 1079 3188 lbmulatus
1114 3113 1230 3188 officio
1259 3114 1401 3189 coleret.

92 3237 196 3314 Adeo
211 3236 361 3311 sulutem
383 3235 561 3312 dedecore
576 3237 724 3312 mercari
747 3239 858 3309 virtus
873 3239 1021 3337 ignorat.
1081 3237 1314 3337 compeditus
1326 3241 1400 3338 igi-

92 3379 150 3437 tur
166 3377 202 3436 et
217 3359 265 3433 od
281 3358 360 3432 loca
374 3359 459 3433 feris
477 3359 599 3458 pervia
613 3357 793 3457 relegatus
824 3355 1009 3458 indignum
1033 3375 1128 3433 touta
1151 3364 1258 3434 animi
1279 3364 1401 3460 meje-

91 3501 183 3560 stntc
198 3483 329 3556 exitum
345 3479 483 3554 hebuit.

225 3601 421 3695 Holdunns
435 3604 564 3704 gemini
577 3607 677 3702 regni
690 3604 841 3702 imperio
856 3607 1002 3700 potitus,
1029 3605 1205 3704 opinionis
1218 3627 1293 3678 suae
1308 3611 1400 3680 titu-

90 3732 169 3804 lum
192 3727 308 3803 tribus
329 3724 523 3800 honestatis
546 3725 719 3824 gradibus
745 3724 945 3800 decorabat
1002 3731 1086 3801 Erat
1113 3729 1204 3800 enim
1234 3727 1400 3802 conden-

90 3853 225 3928 dorum
236 3853 353 3948 patrio
370 3871 472 3920 more
487 3865 690 3945 poematum
719 3849 842 3946 petitio
866 3846 1018 3925 disertus
1043 3877 1112 3924 nec
1138 3849 1297 3924 athletica
1325 3857 1400 3922 mi-

89 3993 161 4044 nus
175 3973 301 4042 virtute
318 3993 427 4068 quam
441 3971 537 4070 regia
557 3987 731 4069 potestate
750 3977 976 4070 conspicuus.
1008 3971 1163 4047 Audiens
1183 3988 1313 4063 autem,
1329 3999 1407 4044 vc-v
1468 3955 1477 3966 ⁴

89 4092 238 4193 getioris
258 4092 389 4192 ingenii
410 4094 540 4190 piratas
565 4093 754 4167 Tokonem
778 4111 812 4166 et
838 4093 1029 4168 Anundum
1055 4097 1312 4194 circumpositis
1327 4097 1400 4164 im·-

91 4221 229 4290 minere
243 4215 481 4312 'provinciis³‚
513 4217 688 4290 maritima
720 4241 843 4318 pugna
874 4233 1021 4291 tentatos
1053 4221 1241 4316 oppressit.
1306 4213 1400 4290 Nihil

137 4483 362 4547 'Prenden'dum
376 4479 515 4564 διῶσαι]
534 4483 716 4569 Stephanius
822 4487 1064 4571 'Ct'rcumpost'tis
1078 4488 1221 4547 immisere
1227 4481 1400 4571 provincio]

90 4589 206 4676 ubsque
233 4589 353 4653 ratione
388 4587 498 4652 idonee
527 4601 598 4675 post
625 4615 715 4679 pren·
774 4589 825 4654 sie
842 4589 1001 4655 Stetonius
1018 4589 1164 4674 Caligulae
1184 4609 1249 4674 cep.
1274 4587 1328 4654 19:
1348 4597 1400 4652 rin·

90 4699 218 4760 &odom
233 4692 349 4760 addidit
365 4721 404 4759 sc.
773 4699 878 4760 nu'nere
911 4699 1073 4758 Germanic
1102 4693 1185 4757 dixit.
1253 4695 1399 4760 Horatius

136 4806 365 4886 ²Navt'ffltioml
380 4795 713 4886 restaext’bus]Slepltanl·
773 4799 1005 4881 lib.10d.xti,
1024 4799 1080 4868 53:
1099 4805 1225 4869 Parthos
1247 4807 1399 4867 Lotio-tm·
1511 4776 1523 4802 l

91 4927 129 4970 us
147 4907 305 4992 cortigens
319 4917 464 4992 prosterni
466 4909 605 4992 flexibus.
776 4916 919 4974 mittentes.
937 4909 995 4989 (Sl
1409 4902 1414 4931 ³
