3458 5454
711 269 886 378 ursroa.
903 308 1008 376 nnn.
1027 305 1163 378 arura
1187 306 1257 378 vu.

375 305 452 388 Sil

325 519 399 592 tulo
417 515 572 617 pugiles,
598 539 754 614 (luorum
778 541 885 588 omne
909 513 1107 590 fortitudini
1137 510 1294 590 studium
1311 510 1478 600 inhiabat,
1500 531 1613 582 accen-

325 665 386 712 sos
426 637 470 710 ad
497 635 706 710 firmandam
734 661 856 710 secum
885 641 1088 710 societatem
1111 635 1313 734 frequentes
1327 631 1483 710 adduxit.
1539 635 1615 724 Quin

326 767 431 832 etiam
450 761 604 836 effrenati
623 760 750 854 ingenii
760 760 911 855 juvenes
927 757 1094 832 claritatis
1120 755 1289 856 cupidine
1307 757 1499 834 concitatos
1514 756 1614 852 stipa-

326 899 419 956 tores
443 879 599 955 adscivit.
658 883 749 954 lnter
770 905 864 978 quos
890 879 1152 954 Starcatberum
1178 903 1320 954 summa
1343 877 1541 977 dignatione
1559 903 1615 950 su-

325 1021 488 1102 sceptum
514 1003 721 1076 larariliarius
755 1028 865 1102 quarn
890 1002 1011 1078 utilius
1027 1002 1202 1076 celebre.
1262 1003 1326 1074 His
1353 997 1489 1081 viribus
1503 999 1615 1070 itnttu-

326 1143 405 1198 ctus
426 1130 472 1196 ita
495 1125 722 1197 finitimorum
747 1151 873 1224 regum
897 1125 1124 1224 petulantiam
1156 1125 1333 1221 opinionis
1351 1146 1427 1194 suae
1454 1121 1615 1218 magnitu-

327 1245 639 1344 dine-castigauit2,
669 1265 706 1320 ut
731 1246 854 1320 iisdem
869 1246 1109 1346 gerendorum
1130 1248 1284 1344 invicem
1308 1241 1486 1316 bellorum
1501 1267 1615 1321 manus,

326 1395 447 1440 curam
463 1367 742 1468 audaeiarnque³
760 1367 971 1442 detraheret.

459 1495 540 1564 Post
559 1490 635 1563 haec
646 1491 689 1562 ad
701 1489 897 1564 llaraldum
912 1491 1106 1590 proiectus,
1115 1491 1163 1564 ab
1180 1498 1333 1589 ipsoque
1349 1493 1520 1560 maritima
1534 1511 1615 1586 pra·

330 1613 457 1685 latione
472 1613 662 1704 donatum,
676 1611 819 1686 tandem
835 1615 984 1712 Ringoni
997 1619 1031 1686 in
1047 1612 1292 1686 commilitium
1309 1610 1502 1712 delegatur.
1554 1614 1616 1680 Eo-

327 1735 410 1806 dem
429 1737 588 1832 ternpore
603 1741 724 1808 Jlruuo
750 1735 898 1834 quidam
928 1739 1089 1808 omnium
1114 1734 1259 1808 Haraldi
1285 1733 1513 1808 consiliorum
1533 1732 1615 1806 unice

329 1859 504 1954 particeps
522 1885 563 1930 ac
580 1860 743 1932 conscius
760 1857 972 1932 habebatur.
1029 1861 1121 1931 Huic
1137 1860 1215 1958 ipse
1230 1875 1264 1934 et
1279 1861 1408 1956 Ringu,
1423 1856 1553 1956 quoties
1565 1877 1613 1926 se-

329 1979 478 2050 cretiore
501 1981 630 2052 nuncio
656 2006 750 2076 opus
773 1978 977 2071 habebant,
1009 1978 1176 2052 mandata
1199 1979 1352 2073 [credere
1376 1991 1613 2052 consueverant

329 2103 445 2190 Quem
477 2101 716 2176 santiliaritatis
751 2102 903 2202 gradum
934 2103 1150 2178 educationis
1173 2120 1209 2176 et
1245 2100 1522 2201 creptmdiorum
1541 2122 1614 2170 con·

328 2222 484 2293 sortione
501 2226 652 2320 adeptus
671 2225 794 2298 suerat.
834 2228 915 2318 Quo
933 2223 1087 2298 {luminis
1105 2223 1294 2322 cujusdam
1313 2229 1420 2322 aquis
1436 2228 1522 2296 inter
1537 2223 1613 2294 assi-

318 2341 419 2414 duus
441 2344 857 2442 profectionumdabores
888 2347 1097 2444 absumpto,
1137 2346 1298 2434 Gabinus,
1322 2348 1404 2445 ejus
1430 2347 1563 2416 nornine
1588 2359 1613 2412 et

328 2463 452 2536 habitu
468 2467 706 2560 subornatus,
732 2468 908 2543 insidiosae
932 2469 1117 2567 legationis
1135 2494 1229 2552 ¹cura
1252 2471 1488 2544 arctissimam
1509 2489 1613 2564 regum
1689 2517 1690 2522 κ

327 2587 555 2659 cortcordiam
571 2589 804 2682 labefactavit,
829 2609 999 2690 tantaque
1022 2593 1214 2664 inimicitias
1236 2594 1380 2665 serentis
1400 2590 1533 2664 fallacia
1556 2587 1613 2672 suit,

329 2725 365 2779 ut
388 2711 535 2782 amicitia
553 2737 594 2783 ac
612 2713 872 2786 necessitudine
890 2715 1014 2786 uinctis
1029 2731 1196 2786 mutuum
1217 2713 1288 2788 odii
1314 2715 1471 2813 rigorem
1487 2721 1612 2810 ingene-

326 2850 439 2919 taret,
474 2831 575 2929 quod
592 2831 731 2932 absque
749 2835 847 2910 bello
864 2840 982 2910 satiari
999 2862 1071 2908 nou
1100 2861 1208 2934 posse
1231 2837 1420 2912 rideretur.
1480 2841 1612 2908 Primum

325 2954 424 3051 apud
439 2981 501 3030 eos
521 2958 622 3030 tacita
639 2957 826 3033 adolevere
835 2958 989 3050 dissidia,
1004 2956 1132 3048 donec,
1160 2959 1310 3060 vulgatis
1326 2963 1490 3060 utrinque
1502 2953 1612 3034 studiis.

373 3185 580 3244 'Farraticanus
595 3205 680 3264 quarn
702 3187 802 3244 utilius
825 3179 948 3262 colebat]
1053 3183 1191 3252 ³.lIonns,
1206 3205 1307 3244 curam
1328 3177 1545 3265 audaciamque]
1559 3180 1610 3240 Sit·

326 3285 402 3372 Quia
427 3285 464 3346 ab
486 3307 522 3348 eo
544 3287 737 3369 postmodum
759 3285 949 3362 interfectus,

326 3403 359 3452 ut
377 3391 476 3473 legere
492 3403 537 3454 est
553 3405 698 3474 sequente
711 3414 779 3454 nrox
794 3392 882 3453 libro.
897 3391 946 3472 (S)

370 3500 502 3580 2Ιίιῗζιιηι
517 3501 711 3584 petulantiam
729 3505 873 3584 opinionis
889 3523 948 3560 sun

324 3604 524 3684 inagnitudinc
544 3601 715 3686 castigavit]
734 3607 901 3688 Castrgooit
918 3603 949 3664 id

325 3720 379 3782 est,
402 3706 562 3790 repressit,
585 3708 738 3786 cohibuit,
761 3709 872 3771 illustri
894 3731 948 3771 no-

324 3813 411 3874 minis
437 3812 517 3874 l'ama
541 3835 576 3876 ac
597 3835 696 3876 rerum
724 3837 740 3875 a
768 3835 800 3878 se
824 3813 948 3876 fortiter

322 3931 475 4003 gestarum
502 3921 679 3982 celebritate
707 3931 820 3982 metum
851 3932 948 3980 terro-

321 4047 445 4112 remque
466 4027 526 4088 illis
539 4025 671 4088 incussit.
727 4025 777 4088 sic
796 4027 947 4103 Galtcrus,

321 4136 373 4218 spui
405 4132 515 4196 claruit
544 4133 667 4194 circiter
690 4155 801 4194 antrum
823 4135 947 4208 alcun,

322 4242 389 4305 libr.
418 4245 429 4302 l
452 4237 704 4302 Alexandreidos:
730 4245 864 4326 Imperat
896 4265 944 4300 ca-

319 4352 413 4428 stigat
448 4349 549 4408 laurea
586 4350 686 4406 caritas.
766 4345 946 4425 Guillelmus

320 4453 426 4528 Brito,
452 4451 504 4534 qui
526 4448 613 4511 initio
631 4451 734 4513 sarculi
751 4450 861 4516 decimi
884 4463 944 4512 ter·

320 4558 353 4618 tii
381 4553 501 4632 ssoruit,
526 4555 578 4616 lib.
607 4559 661 4620 Vll
687 4555 881 4640 Philippides
915 4579 941 4619 v.

318 4657 428 4724 Sibssl:
453 4664 665 4744 Castrgonspac
678 4667 751 4745 jugi
774 4667 944 4748 scrupuloso

319 4771 467 4830 saturnina
489 4784 580 4826 totana
610 4771 626 4826 (
635 4771 783 4852 orrrplnnat
811 4773 942 4832 medinm.

316 4875 366 4950 (S)

1007 3287 1135 3370 phanius
1158 3286 1259 3349 omisit
1283 3313 1396 3350 rannus.
1429 3292 1550 3352 sinsus
1563 3295 1609 3344 est:

1009 3392 1141 3456 Olonern
1161 3393 1264 3476 copias
1289 3392 1353 3456 sire
1371 3395 1491 3478 pugiles
1515 3389 1609 3454 ceteris

1009 3499 1122 3581 regulis
1137 3497 1325 3562 tletrahcndo
1344 3520 1380 3561 eo
1403 3501 1470 3585 ipso
1483 3509 1511 3560 et
1529 3513 1609 3558 curan
1688 3487 1689 3502 ¹

1008 3617 1039 3666 et
1057 3604 1212 3668 audaciam
1223 3605 1298 3668 belli
1317 3606 1445 3690 gerendi
1460 3602 1594 3668 ademisse.
1688 3597 1689 3601 ’

1054 3818 1129 3878 “At
1151 3823 1268 3902 ipsoque
1290 3821 1440 3880 maritima
1458 3817 1608 3903 prolatione

1006 3919 1147 4002 donatio]
1163 3927 1232 3984 Hoc
1247 3935 1430 4002 est,surnma
1446 3922 1489 3985 rei
1501 3917 1607 3982 nautica

1006 4025 1276 4092 administratione.
1344 4034 1390 4092 Ita
1416 4027 1521 4114 passim
1540 4021 1607 4106 loqui

1004 4145 1084 4196 amat
1098 4137 1254 4196 Saxocum
1269 4133 1361 4196 medii
1374 4132 1549 4222 etsequion's
1560 4125 1605 4188 ari
1687 4151 1688 4210 ι

1003 4239 1204 4322 scriptoribus
1235 4239 1285 4320 (S)
1310 4244 1455 4326 Exempla
1475 4261 1508 4302 ex
1526 4232 1605 4302 Orda·
1687 4245 1688 4256 ¹

1004 4347 1068 4408 rico
1084 4347 1187 4424 vitati,
1207 4349 1370 4410 Guillelmo
1389 4347 1513 4410 Britone
1541 4339 1605 4402 aliis·

1003 4471 1062 4533 que
1078 4454 1269 4537 collegerunt
1291 4455 1470 4538 stephanius
1489 4453 1518 4510 in
1538 4443 1602 4506 notis

1003 4557 1038 4618 ad
1055 4557 1135 4620 hunc
1151 4561 1250 4622 locum
1267 4572 1297 4622 et
1323 4563 1468 4644 Casperas
1481 4549 1601 4618 naratio

1001 4661 1032 4722 in
1054 4667 1133 4726 notis
1160 4665 1197 4728 ad
1226 4665 1380 4729 Guillelmi
1407 4659 1534 4726 Britonis
1563 4651 1600 4714 lib.

1004 4771 1044 4830 tx
1064 4771 1258 4854 l‘hilippitlos
1276 4795 1306 4856 p.
1321 4763 1445 4833 595-96.
