3520 5462
560 372 564 384 .
609 283 615 304 “
672 309 876 396 nameus.
974 389 978 398 ,
1309 325 1378 400 tas

119 526 199 618 dio,
236 527 370 628 inquit,
404 527 647 630 complurium
682 529 843 630 pericula
865 529 1097 622 redimantur,
1123 531 1306 632 publicam
1331 551 1427 610 stra·

119 675 201 748 gem
222 655 366 750 privato
389 651 591 728 &crimine
610 677 836 752 praecurrere
863 653 977 727 liceat.
1052 659 1132 756 Ego
1158 679 1246 730 vero
1270 661 1306 729 in
1334 655 1427 732 hanc

117 769 337 874 confligendi
350 773 469 876 legem
490 801 562 850 non
585 775 707 868 deero,
732 781 760 852 si
788 779 846 850 cui
867 793 1027 852 restrum
1046 794 1192 854 mutuus
1211 776 1427 854 decernendi

118 923 262 972 mecum
275 921 385 974 ausus
406 901 597 976 incesserit.
647 905 687 973 ln
700 901 825 1002 primis
852 915 971 972 autem
990 917 1183 1000 praetaxata
1204 927 1225 974 a
1249 927 1307 974 me
1331 881 1425 975 con-

116 1019 437 1096 ditioneutendum
452 1020 607 1122 postulo,
621 1023 727 1122 cujus
742 1020 850 1096 talem
867 1047 953 1098 sane
968 1023 1158 1100 formulam
1174 1031 1286 1098 texui:
1312 1025 1348 1096 Si
1364 1030 1425 1097 vi-

116 1167 212 1234 cero,
236 1143 462 1244 vectigalium
477 1145 583 1220 nobis
596 1143 819 1220 coucedatur
836 1151 1057 1242 immunitas;
1080 1149 1117 1238 si¹
1130 1152 1263 1231 vincar,
1278 1150 1424 1244 pristina

116 1265 221 1340 vobis
236 1265 369 1340 tributa
386 1267 582 1344 solvantur.
642 1273 713 1342 Aut
730 1271 823 1342 enirn
841 1267 952 1343 hodie
971 1271 1122 1369 patriam
1138 1271 1316 1343 servitutis
1333 1269 1424 1368 jugo

115 1391 232 1464 victor
251 1413 379 1464 auam
405 1408 467 1466 aut
493 1395 609 1466 victus
624 1389 816 1484 involvam.
857 1395 897 1466 ln
915 1408 1106 1492 utramque
1122 1391 1302 1466 fortunam
1320 1415 1423 1489 prae-

114 1511 201 1586 dem
222 1537 282 1588 me
302 1511 506 1614 sedemque
531 1516 689 1616 recipite.
751 1513 858 1609 Quod
882 1513 1030 1590 audiens
1053 1517 1238 1587 Danorum
1262 1511 1421 1613 quidam,

114 1635 222 1708 animi
237 1659 348 1733 qnam
364 1639 528 1736 corporis
544 1638 681 1715 viribus
694 1637 896 1726 robustior,
920 1637 1124 1737 percontari
1146 1639 1315 1728 illiricum
1338 1660 1420 1708 coe·

114 1763 178 1856 pit,
204 1757 295 1856 quid
309 1765 341 1834 ei
356 1765 494 1860 praemii
508 1760 619 1853 soret,
645 1761 710 1860 qui
727 1785 851 1862 pugna
869 1775 1127 1860 provocantem
1144 1759 1344 1858 exciperet?
1377 1761 1421 1828 At

115 1883 277 1974 illiricus,
293 1905 375 1956 cum
392 1905 496 1958 senas
512 1881 605 1958 iorte
621 1881 777 1958 armillas
796 1883 958 1976 baberet,
983 1885 1032 1957 ita
1049 1885 1181 1957 mutuis
1195 1879 1347 1956 neribus
1360 1885 1421 1952 in-

114 2003 266 2092 volutas,
300 2019 341 2080 ut
355 2003 405 2081 ab
427 2007 578 2082 invicem
594 2009 810 2108 sequestrari
826 2011 1035 2106 nequirent,
1067 2005 1246 2080 nodorum
1272 2010 1419 2078 inextri-

114 2125 275 2200 cabiliter
288 2132 380 2202 sen‘c
397 2127 619 2222 cohaerente,
644 2128 789 2203 easdem
811 2147 990 2204 certamen
1008 2127 1152 2202 audenti
1176 2135 1211 2202 iu
1231 2132 1419 2228 praemium

113 2247 312 2350 pollicetur.
372 2259 418 2326 At
438 2254 591 2352 juvenis,
613 2275 743 2352 parum
764 2251 916 2328 fortunae
935 2269 1063 2345 certus,
1087 2260 1127 2344 si,
1143 2255 1269 2352 inquit,
1280 2252 1420 2339 Rtirice,

112 2399 186 2448 rem
208 2395 386 2472 prospere
407 2397 564 2475 gessero,
590 2394 651 2450 tua
673 2375 846 2450 vincentis
871 2373 1076 2452 mercedem
1098 2373 1292 2449 liberalitas
1318 2361 1418 2447 esti-¹

113 2513 195 2588 met,
219 2511 260 2570 tu
274 2495 435 2596 palmam
449 2497 584 2574 arbiter
600 2499 776 2594 metiaris,
801 2499 856 2572 sin
876 2501 1103 2598 propositum
1123 2495 1208 2570 mibi
1231 2503 1359 2596 parum
1375 2521 1417 2568 ex

112 2623 282 2694 sententia
296 2614 453 2713 cesserit,
478 2621 569 2724 quid
584 2627 681 2700 victu
695 2623 835 2720 praemii
848 2619 983 2712 debes,
1001 2645 1111 2720 quem
1127 2638 1188 2694 aut
1207 2645 1302 2696 saeva
1320 2643 1418 2692 mors

111 2757 170 2816 aut
186 2743 380 2844 ignominia
393 2749 512 2844 grauis
528 2743 712 2822 involvet?
771 2747 844 2818 Has
866 2742 1090 2818 imbecillitas
1115 2741 1253 2817 habere
1269 2745 1418 2818 comites

111 2867 306 2956 cousuevit,
330 2863 411 2950 baec
423 2885 676 2966 superatorum
693 2866 869 2968 stipendia
883 2883 977 2959 sunt,
1001 2891 1094 2966 quos
1108 2867 1196 2968 quid
1212 2868 1278 2941 nisi
1294 2881 1416 2938 extre-

111 3015 208 3063 mum
232 2987 392 3066 dedecus
413 2994 558 3064 maneti
609 2995 782 3086 Quaenam
807 2989 981 3065 solvenda
1003 3015 1163 3082 merces,
1194 3015 1277 3092 quae
1303 2988 1414 3087 gratia

109 3109 315 3202 referenda,
349 3114 409 3190 cui
431 3109 659 3189 fortidudinis
682 3117 837 3213 pretium
863 3113 1009 3188 abest¹l
1072 3117 1162 3206 Quis
1183 3115 1416 3213 impotentem

108 3237 229 3310 Martis
264 3231 397 3309 hedera
417 3234 605 3327 redimivit,
629 3241 786 3338 praemiis
800 3237 1006 3311 victricibus
1029 3235 1233 3311 decoravit?
1277 3235 1416 3322 Virtuti,

107 3381 178 3432 nou
202 3359 355 3457 ignaviae
383 3359 504 3458 palma
536 3361 715 3436 tribuitur.
781 3360 904 3433 Gloria
935 3359 1120 3434 infelicitas
1142 3374 1250 3432 caret.
1315 3355 1416 3429 Illam

107 3485 246 3579 quippe
260 3479 465 3582 triumphus
483 3482 614 3576 laudis,
638 3483 733 3556 hanc
749 3499 810 3556 aut
835 3482 916 3558 finis
944 3488 1036 3556 iners
1062 3497 1124 3554 aut
1146 3484 1217 3554 vita
1244 3479 1416 3555 deformis

106 3604 313 3702 insequitur.
336 3607 418 3704 Ego
432 3623 529 3698 vcro,
545 3609 620 3709 qui,
637 3631 813 3707 quorsum
829 3604 941 3678 duelli
955 3603 1097 3678 fortuna
1114 3621 1248 3704 vergat,
1257 3603 1416 3704 ambigo,

104 3730 295 3821 praemium
315 3727 487 3802 audacter
507 3746 674 3829 expetere
697 3755 770 3803 non
793 3751 993 3828 praesumo,
1025 3726 1127 3828 quod
1157 3755 1201 3800 an
1223 3730 1305 3828 jurc
1328 3723 1416 3798 mihi

103 3845 292 3940 debeatur,
316 3853 454 3950 ignoro.
516 3855 642 3951 Neque
658 3855 752 3924 enirn
770 3854 905 3924 incerto
923 3855 1080 3926 victoriae
1105 3867 1242 3925 certum
1272 3851 1415 3926 victoris

103 3977 293 4068 praemium
324 3997 506 4072 occupare
529 3973 747 4049 conceditur.
824 3965 1051 4074 Supersedco
1075 3973 1228 4074 trophaei
1236 3980 1250 4020 ²
1282 3971 1414 4046 dubius

103 4119 247 4168 coronae
265 4111 468 4172 constanter
481 4104 646 4174 meritum
666 4097 834 4198 flagitare.
885 4101 1027 4172 Recuso
1043 4097 1197 4189 lucrum,
1223 4093 1324 4195 quod
1340 4098 1414 4166 mi·-

101 4215 137 4298 hi
161 4221 287 4294 mortis
308 4245 414 4319 acque
436 4245 479 4294 ac
501 4228 582 4296 vitae
605 4220 822 4321 stipendium
839 4246 917 4296 esse
933 4225 1073 4318 poterit.
1133 4216 1338 4294 stoliditatis
1360 4231 1413 4290 cst

101 4341 293 4418 immaturo
308 4343 438 4418 fructui
455 4369 583 4420 manus
606 4347 762 4444 injicere,
778 4369 935 4443 eumque
947 4341 1144 4442 decerpere
1160 4340 1270 4430 vclle,
1302 4337 1434 4438 qucm'

99 4462 256 4540 necdum
281 4470 364 4564 quis
387 4467 471 4542 satis
497 4468 565 4544 sibi
588 4467 751 4542 debitum
776 4472 924 4542 noverit
985 4467 1071 4538 Haec
1093 4487 1219 4536 manus
1244 4479 1306 4537 aut
1324 4463 1410 4561 pal-

144 4699 155 4734 ¹
168 4695 272 4780 Adest]
284 4697 342 4764 Ed.
362 4721 410 4786 pr.
425 4701 518 4768 habat
531 4703 627 4785 adest,
640 4699 724 4786 quod
787 4699 979 4766 correctione
987 4719 1046 4784 pro
1061 4679 1201 4788 tropheo,
1217 4697 1359 4786 quoiast
1375 4703 1407 4765 iu

98 4803 256 4868 contextui
270 4819 432 4892 repugnat.
787 4805 845 4870 Ed.
861 4829 907 4892 pr.

143 4915 156 4948 ²
170 4910 319 4998 Tropdoea]
334 4916 378 4977 lta
399 4913 582 4998 stephanius
598 4914 722 5000 legiter
