3442 5456
359 333 438 406 Μ
710 331 886 404 llutos
897 331 1007 404 DAN.
1023 331 1162 404 LIBER
1177 333 1233 406 vt

313 567 394 620 esse
410 546 594 646 cognovit,
608 541 756 616 domum
789 542 891 620 abire
920 557 956 616 et
980 541 1135 640 vagienti
1158 539 1244 615 liliae
1268 541 1443 616 mammis
1462 541 1619 641 praebere

313 669 436 768 jussit,·
445 687 624 767 perquam
640 661 802 738 deforme
815 667 1025 756 crisimans,
1046 663 1095 738 ab
1109 683 1275 738 saumae
1290 667 1394 738 sorde
1416 662 1620 737 muliercula

314 785 516 860 subsidium
530 791 696 861 mutuari.
746 790 843 881 Quin
857 793 964 860 etiam
977 785 1105 860 melius
1119 811 1200 860 eam
1214 787 1403 885 proprium
1418 787 1620 886 sangninem

314 907 416 982 laetis
439 911 663 982 nutrimentis
708 933 820 1008 quam
860 909 976 983 aliena
997 907 1146 984 vulmra
1170 908 1334 984 remediis
1357 924 1620 1006 prosecuturam

316 1031 460 1106 sciehat.
519 1035 619 1106 lianc
641 1055 791 1130 quoque
812 1030 1052 1108 dtuedmtem
1073 1033 1212 1132 juvenis
1233 1055 1341 1104 curru
1369 1029 1510 1104 delatm
1529 1031 1620 1104 inae-

315 1157 448 1252 quitur.
499 1156 569 1248 Qui
590 1177 675 1226 cum
689 1159 868 1252 conspecti
891 1160 984 1229 senis
1000 1151 1212 1228 vulneribus
1227 1177 1336 1251 opem
1357 1151 1496 1228 laturus
1518 1177 1617 1226 neos-

314 1273 425 1368 deret,
441 1276 607 1373 quiam
630 1292 733 1368 esset,
747 1291 905 1376 rogatus,
928 1275 1087 1374 agricola
1112 1297 1152 1350 se
1171 1292 1273 1374 patre
1289 1292 1412 1348 natum
1430 1277 1621 1373 rusticique

316 1394 452 1472 laboris
473 1396 644 1494 operibus
663 1396 904 1472 assuefactum
918 1397 1113 1496 subjunxit.
1167 1399 1282 1497 Cujus
1298 1395 1543 1472 Stareatherus
1557 1423 1621 1470 na·

315 1517 448 1592 talibus
460 1516 680 1608 collaudatis,
701 1517 859 1594 officinm
880 1545 1030 1620 qnoque
1045 1522 1273 1594 veneratione
1293 1517 1543 1617 dignissimum
1560 1521 1620 1618 jo-

256 1721 258 1728 ·
316 1636 458 1729 dicavit,
477 1639 579 1738 quod
591 1641 726 1716 talibus
743 1645 822 1716 vitae
838 1642 999 1718 subsidia
1012 1647 1109 1744 justo
1128 1641 1263 1717 lahoris
1286 1644 1504 1716 commercio
1519 1659 1620 1741 pete·

315 1775 450 1870 rentur,
472 1769 534 1861 qni
547 1765 723 1837 ..nimirum
738 1781 918 1863 quaestum
931 1789 1005 1840 non
1018 1781 1175 1857 nossent,
1190 1765 1259 1838 nisi
1286 1787 1396 1863 quem
1424 1763 1494 1838 fusi
1509 1761 1621 1838 sudo-

315 1889 366 1958 ris
379 1886 562 1983 impendio
576 1888 806 1985 peperissent.
858 1893 929 1962 Neo
944 1893 1118 1962 immerito
1134 1887 1262 1964 ruralis
1276 1893 1357 1963 vitae
1373 1886 1538 1960 habitum
1552 1888 1620 1959 sti-

317 2031 377 2082 am
398 2008 698 2082 excellentissimis
724 2011 859 2110 opibus
878 2009 1142 2111 praeferendum
1166 2015 1320 2110 putavit,
1342 2012 1449 2110 cujus
1469 2015 1619 2110 integer-
1702 2095 1703 2100 η

317 2131 398 2201 rimi
413 2128 548 2206 fructus
570 2133 660 2204 inter
673 2129 899 2229 splendidam
915 2132 1165 2234 abjectumque
1187 2132 1370 2208 fortunam
1394 2129 1619 2206 mediocrita-

315 2252 359 2326 tis
380 2254 515 2352 gremio
530 2255 595 2326 orti
605 2251 826 2353 ¹educatique
843 2254 1059 2331 riderennar.
1120 2261 1174 2331 Ne
1197 2273 1319 2330 autem
1339 2251 1545 2328 rodomum
1558 2257 1618 2353 ju-

317 2377 415 2448 venis
434 2373 683 2450 humanitatem
702 2375 936 2476 relinqueret,
958 2378 1188 2480 chlamydem
1208 2403 1231 2452 a
1255 2401 1295 2452 sc
1315 2377 1499 2478 vepribus
1511 2379 1617 2450 iuter*-

314 2497 444 2594 jectam
458 2499 589 2574 ohlatae
605 2497 817 2598 dignationis
831 2503 1020 2599 praemium
1034 2501 1157 2576 effecit.
1216 2498 1399 2574 Aooedens
1413 2501 1534 2598 itaque
1553 2523 1616 2570 rn-

316 2617 434 2694 ricolae
462 2619 558 2698 filius
597 2622 739 2698 evulsas
765 2622 938 2698 stomachi
957 2637 1076 2722 partes
1100 2624 1248 2724 pristino
1265 2622 1345 2698 loeo
1359 2623 1524 2715 restiterit,
1542 2619 1615 2695 ela-

316 2765 494 2842 paamque
517 2761 679 2818 extorum
702 2751 905 2846 congeriem
925 2744 1029 2819 nexili
1055 2745 1225 2819 viminum
1257 2744 1506 2844 complexione
1531 2769 1614 2844 pu

315 2867 459 2940 strinxit.
507 2867 645 2941 Deinde
666 2885 855 2967 exceptum
872 2867 1039 2942 vehiculo
1061 2893 1181 2942 senem
1215 2867 1262 2941 ad
1278 2873 1397 2966 regios
1414 2893 1533 2967 usque
1550 2891 1612 2966 pe-

315 3003 414 3064 nates
432 2988 542 3087 pleno
557 2992 788 3065 venerationis
801 2990 921 3065 studio
936 2989 1200 3088 deportandum
1216 2992 1364 3065 curavit.

446 3115 580 3186 Interea
600 3111 714 3214 Helga
729 3113 849 3189 verbis
870 3137 1036 3214 magnam
1059 3137 1135 3212 prae
1159 3135 1198 3188 se
1233 3112 1406 3186 cautelam
1428 3111 1613 3198 ferentibus
1701 3155 1702 3158 π

318 3233 434 3304 virum
456 3237 629 3308 instruere
648 3259 828 3336 aggressa,
851 3240 942 3312 scire
957 3261 1008 3320 se,
1023 3237 1159 3334 inquit,
1185 3237 1456 3326 Starcatherum,
1481 3261 1565 3310 mox
1583 3250 1614 3310 ut

316 3352 419 3428 victis
441 3356 626 3456 pugilibus
646 3377 835 3453 remearet,
860 3359 1028 3432 absentia
1042 3381 1171 3456 poenas
1195 3357 1307 3431 abeo
1332 3375 1615 3458 sumpturum,a

316 3499 392 3573 quo
408 3476 490 3576 plus
506 3467 656 3579 ignauiae
677 3501 713 3557 et
733 3482 872 3555 libidini
887 3507 997 3580 quarn
1011 3479 1164 3556 condicti
1182 3483 1380 3556 conaminis
1397 3479 1482 3555 fidei
1498 3481 1614 3556 indul-

315 3613 391 3672 tum
406 3606 587 3678 existimet.
639 3609 704 3680 Cui
728 3606 810 3680 ideo
827 3608 945 3680 acrius
967 3602 1201 3677 resistendum
1217 3604 1314 3696 sore,
1346 3605 1448 3703 quod
1473 3606 1614 3680 lordhus

314 3745 472 3818 parcere,
497 3729 645 3824 ignavos
660 3726 780 3804 odisse
795 3727 918 3802 soleat
979 3727 1094 3825 Cujus
1106 3725 1371 3824 proediotionem
1386 3725 1505 3827 Helgo
1520 3753 1614 3826 aque

315 3869 358 3918 ac
382 3847 570 3920 consilium
593 3867 799 3942 veneratus,
833 3855 966 3947 cor'pus
990 3857 1221 3949 animumque
1245 3847 1473 3947 capessendae
1490 3851 1613 3923 viduos

315 3967 444 4042 ardore
456 3971 621 4044 firmavit.
675 3975 840 4070 Cumque
863 3971 1106 4047 Starcatherus
1126 3972 1173 4045 ad
1189 3977 1303 4071 regias
1319 3985 1409 4046 esset
1431 3970 1527 4045 aedes
1550 3971 1613 4042 de-
1700 4021 1701 4052 r

314 4089 427 4185 latus,
457 4094 644 4170 vulnerum
662 4093 789 4170 dolore
807 4095 991 4194 neglecto,
1032 4102 1133 4174 ocius
1154 4123 1260 4169 curru
1279 4093 1425 4185 desiliit,
1448 4117 1502 4187 ac,
1516 4092 1613 4168 veluti
1700 4067 1701 4159 l

314 4231 389 4321 toto
404 4221 539 4316 integer
555 4245 719 4318 corpore,
736 4217 931 4320 nuptialem
949 4221 1152 4318 irrumpens
1170 4215 1365 4291 thalamum
1391 4241 1517 4317 pugno
1541 4214 1612 4289 val-

314 4363 377 4412 vas
396 4339 576 4442 perfregit.
635 4345 736 4418 Tunc
751 4340 841 4416 lecto
858 4341 999 4416 exiliens
1014 4339 1142 4440 Helgo,
1168 4357 1208 4414 ut
1227 4342 1391 4440 conjugis
1405 4356 1478 4412 erat
1499 4337 1610 4414 consi·

314 4458 363 4536 lio
379 4461 518 4556 doctus,
525 4463 687 4538 adversa
705 4468 784 4563 ejus
800 4465 907 4540 fronti
920 4465 1054 4537 ferrum
1072 4445 1253 4538 immersit.
1307 4466 1475 4561 Cumque
1488 4485 1609 4538 secun-

314 4581 351 4657 di
373 4585 529 4660 vulneris
547 4587 774 4662 meditatione
787 4585 909 4660 denno
927 4587 1063 4659 lerrum
1079 4586 1269 4660 adacturus
1285 4585 1482 4676 videretur,
1507 4581 1607 4678 Helge
1699 4683 1700 4688 ἵ

315 4703 421 4779 thoro
446 4713 623 4806 ocyssime
646 4709 791 4784 evolans
816 4732 937 4783 senem
958 4709 1006 4782 ab
1025 4710 1218 4784 imminenti
1234 4715 1336 4784 exitio
1367 4709 1606 4806 eorreption-
1699 4775 1700 4818 ᾧ
