3506 5458
375 323 450 400 528
732 319 1175 398 mstonuanttunn
1189 325 1232 396 X.

321 531 508 608 insidendo
525 551 723 633 premeret,
748 529 960 633 praedictum
977 555 1099 630 poenae
1114 532 1273 606 'modum
1297 533 1459 636 explerit.
1518 537 1625 610 Tanto

321 660 414 731 enirn
433 655 553 731 studio
567 683 628 730 rex
646 654 900 731 verecundiam
914 679 936 728 a
949 659 1022 729 suis
1037 660 1169 729 serrari
1188 655 1322 751 voluit,
1345 675 1385 732 ut
1408 659 1515 731 etiam
1538 683 1624 757 par-

320 781 409 856 vulo
422 777 654 878 impudentiae
670 803 819 853 excessu
839 778 961 853 devios
978 780 1219 876 castigationis
1233 781 1390 855 remedio
1413 780 1627 855 comcendos

321 917 470 1003 putaret.
523 903 594 996 Qui
611 925 710 993 vero,
725 901 840 976 tribus
857 899 1032 976 fasciculis
1052 905 1090 974 in
1113 901 1297 978 stabulm
1318 906 1508 1005 conjectis,
1536 927 1626 1002 equo

321 1049 389 1102 suo
405 1027 604 1099 communis
627 1023 754 1123 pabuli
771 1025 918 1122 spicam,
941 1023 1057 1096 alieno
1073 1024 1244 1124 stipulam
1264 1025 1501 1119 admovisset,
1531 1029 1627 1125 juxta

320 1155 479 1250 priorem
493 1147 686 1222 formulam
712 1147 828 1220 militia
853 1161 915 1219 aut
939 1150 1090 1242 turpiter
1112 1147 1164 1220 uti
1197 1163 1260 1220 aut
1287 1147 1496 1222 deformiter
1518 1173 1626 1222 exce-

321 1272 408 1346 dere
424 1271 628 1372 cogebatur.
679 1275 731 1342 Ac
744 1293 790 1343 ne
807 1271 887 1368 quis
904 1271 1002 1343 socio
1019 1264 1155 1341 flumen
1172 1274 1441 1369 transequitanu'
1467 1272 1518 1344 ita
1534 1295 1626 1368 equo

322 1409 560 1485 concurreret,
582 1409 620 1466 ut
635 1391 681 1464 ad
699 1398 817 1491 ipsum
840 1391 1079 1466 turbulentior
1088 1391 1187 1466 unda
1202 1392 1393 1485 deflueret,
1412 1399 1491 1492 pari
1517 1391 1626 1465 indu·

321 1519 406 1592 stria
423 1533 579 1590 cautum.
637 1513 739 1588 Adeo
762 1513 973 1613 scrupulosa
999 1541 1086 1588 cura
1108 1513 1261 1614 parvula
1283 1540 1434 1614 quoque
1458 1517 1630 1590 societatis

322 1639 439 1716 officia
453 1637 705 1738 pensabuntur.
757 1639 801 1710 Ei
818 1663 917 1730 veru,
944 1641 1008 1736 qui
1027 1639 1165 1712 stationi
1183 1635 1349 1712 addictus
1374 1639 1425 1710 ita
1444 1663 1487 1713 se
1505 1662 1628 1711 somno

322 1779 521 1854 onerasset,
546 1776 586 1833 ut
611 1779 726 1835 vestes
744 1778 806 1836 aut
829 1787 928 1834 arma
950 1761 1141 1836 dormienti
1161 1759 1299 1834 detrahi
1322 1778 1484 1858 possent,
1506 1766 1628 1835 consi-

322 1886 406 1960 mile
425 1883 590 1959 rindictae
619 1907 730 1982 genus
755 1882 897 1957 mulctae
919 1886 1064 1958 nomine
1088 1882 1323 1983 irrogabatur.
1387 1886 1515 1982 Neque
1537 1887 1629 1956 enim

321 2010 421 2108 regio
443 2004 657 2106 profuturus
677 2005 828 2103 imperio
844 2005 1057 2104 putabatur,
1090 2031 1200 2106 quem
1222 2007 1382 2105 privatus
1404 2021 1533 2106 torpor
1553 2033 1628 2106 pn-

322 2131 420 2204 blioo
436 2127 667 2203 excubiarum
680 2125 798 2200 officio
820 2128 1071 2204 submovisset.
1124 2131 1259 2203 Verum
1275 2127 1449 2203 adversus
1464 2131 1629 2228 graviora

323 2253 546 2355 protractior
567 2254 658 2326 actio
675 2253 860 2325 constituta
883 2249 1009 2325 fuerat.
1069 2253 1103 2324 Si
1128 2255 1211 2350 quis
1233 2253 1327 2324 enim
1350 2249 1629 2324 commilitonum

322 2393 472 2454 snorum
482 2376 689 2474 quempiam
705 2399 825 2464 manu,
841 2374 937 2448 ferro
966 2373 1025 2450 vel
1041 2374 1135 2449 diste
1147 2375 1307 2464 laesisset,
1320 2390 1382 2464 aut
1389 2377 1420 2449 si
1436 2379 1628 2473 quicquam

327 2499 500 2576 violenter
514 2497 592 2595 ejus
608 2494 774 2569 manibus
797 2499 1008 2591 extorsisset,
1032 2521 1219 2572 comamve
1233 2496 1335 2572 alieni
1355 2499 1479 2595 capitis
1492 2495 1628 2570 riolas·

321 2639 387 2716 set,
412 2637 593 2721 postremo
611 2625 639 2693 si
655 2622 827 2719 majestati
843 2619 986 2696 insidias
1002 2623 1195 2713 struxisset,
1225 2617 1447 2719 abundeque
1467 2617 1516 2693 de
1538 2619 1627 2693 fatto

322 2749 465 2819 testium
499 2740 738 2816 adstructione
767 2757 961 2833 constaret,
989 2744 1161 2843 tanquam
1186 2739 1346 2841 capitalis
1371 2742 1528 2817 criminis
1547 2767 1628 2818 reus

322 2866 484 2942 clientela
506 2881 647 2940 amotus
669 2864 810 2938 militari
834 2889 983 2939 munere
1006 2865 1280 2967 defungebatur.
1338 2869 1552 2963 lunamque,
1567 2870 1625 2964 qni

320 2990 529 3092 graviterab
545 2988 667 3088 aliquo
685 2988 834 3063 affectus
849 2987 976 3080 fuerat,
993 2991 1162 3089 inprimis
1176 3011 1310 3090 regern,
1325 2987 1413 3062 sella
1429 2991 1553 3087 posita,
1569 2991 1626 3086 jus

320 3111 417 3186 militi
434 3112 554 3186 dicere
573 3111 797 3212 postulabat3
831 3109 960 3186 deinde
979 3137 1100 3205 reum,
1124 3129 1164 3185 ut
1191 3117 1225 3184 in
1251 3115 1463 3185 concionem
1485 3114 1624 3199 reniret,

321 3235 423 3309 tertio
437 3243 624 3308 citatorum
644 3233 770 3309 ordine
790 3233 1021 3332 provocabat.
1101 3237 1406 3334 Unumquemque
1432 3235 1509 3308 bini
1528 3233 1623 3307 dun-

320 3373 415 3431 taxat
430 3357 686 3434 commilitones
701 3357 902 3459 explebant.
958 3355 1154 3456 liquibus,
1177 3363 1205 3432 si
1227 3379 1311 3431 reus
1336 3360 1373 3429 in
1397 3357 1622 3456 questionem

321 3479 511 3583 publicam
538 3479 774 3556 deducendus
797 3507 875 3556 rem
900 3479 1110 3556 familiarem
1130 3473 1361 3582 possedisset,
1384 3479 1483 3558 domi
1507 3479 1621 3571 semel,

320 3745 385 3788 swa
402 3725 550 3786 amman
569 3724 716 3806 subjacere
747 3725 947 3797 bamam,
1003 3732 1034 3792 si
1059 3747 1140 3812 quem
1168 3725 1317 3792 obrem
1344 3729 1515 3813 presumtio
1540 3727 1622 3790 tenu

319 3833 374 3916 qui
393 3832 470 3891 t'rtter
493 3829 693 3916 podufoudum
719 3853 771 3894 ruo
804 3853 876 3915 aquo
903 3846 949 3894 ter
1003 3832 1162 3898 excessibus
1206 3834 1433 3915 antequanm
1473 3833 1620 3900 norm,

319 3939 431 4000 art'star
446 3939 627 4023 porrexerat,
651 3937 745 3998 altino
765 3959 833 3998 aero
853 3938 948 4022 stapu-
997 3921 1035 4003 ¹et
1069 3941 1234 4026 respuere
1267 3937 1493 4010 detrectarent,
1536 3951 1621 4000 astra·

320 4044 380 4106 tm
402 4059 432 4106 et
444 4065 534 4129 super
552 4043 620 4116 lior,
642 4059 676 4104 at
698 4058 805 4113 meu,
824 4040 949 4102 duorum
1004 4071 1081 4110 mum
1094 4043 1620 4108 eumomaiumlocondumstataamt.

319 4151 467 4212 wibert
481 4153 644 4212 tmtdnoniu
656 4150 765 4236 suert't.
815 4151 902 4220 Item,
925 4150 955 4209 εἰ
1005 4157 1069 4216 Ima
1082 4153 1280 4222 dxnueruat,
1295 4165 1329 4210 ut
1350 4149 1469 4234 quatita
1488 4153 1619 4213 maristo·

321 4257 387 4338 qut's
403 4273 491 4337 equos
508 4255 685 4339 uhqaaudo
704 4257 952 4339 coatraflurmiatit
1009 4281 1073 4322 ram
1090 4281 1158 4320 asso
1178 4260 1209 4317 t'a
1233 4277 1369 4342 cumpro
1392 4255 1516 4318 anuas
1528 4256 1617 4337 justa·

318 4362 468 4442 gurgitem
482 4363 639 4424 ascendam
652 4362 798 4448 frmpltam
817 4362 950 4423 turbone·
1008 4381 1066 4436 ret,
1079 4387 1130 4426 aar
1145 4365 1294 4446 quaquam
1305 4375 1467 4448 propterea
1485 4363 1618 4425 κακὼ·

321 4468 376 4538 rit,
389 4468 434 4528 ita
452 4482 486 4527 at
503 4471 564 4530 nist·
573 4469 768 4531 turbulentam
780 4469 950 4554 uliipotarc
1003 4474 1043 4533 tt's
1065 4470 1298 4554 autpe‘tufantt'oe
1316 4484 1499 4552 argueretur.
1545 4469 1618 4530 lua·

320 4587 483 4655 mnam,
510 4574 653 4657 amaab‘que
682 4576 844 4636 testimonio
872 4573 946 4634 idem
998 4599 1070 4665 par,
1084 4577 1173 4637 atille
1186 4577 1300 4661 inpetu
1312 4575 1411 4636 steila
1421 4577 1616 4646 nminem·

322 4691 368 4740 ter
380 4677 491 4760 serim
514 4683 698 4753 constiterat,
724 4681 815 4744 .τάηὲΙί
833 4678 950 4762 judt'et'o
1005 4685 1169 4745 manum
1194 4705 1247 4744 suu
1262 4682 1343 4746 sotus
1361 4685 1462 4746 catalis
1481 4691 1617 4745 castum

322 4781 463 4846 maias
488 4787 555 4847 erit.
601 4786 729 4848 Suadam
745 4808 867 4871 auraque
891 4786 951 4849 cul·
1009 4803 1125 4854 mactet
1134 4789 1250 4876 puato.

321 4909 567 4973 pamparpoartu
581 4891 761 4956 coadunat.
807 4893 956 4980 Araplius:
