3476 5460
390 313 464 388 isa
726 313 900 385 luston.
917 313 1022 384 Dan.
1038 313 1175 384 LIBER
1193 315 1278 386 Vlll.

340 547 412 602 tam
427 522 668 628 magnitudine
683 547 793 621 quam
810 525 930 622 rigore
946 547 1097 596 corneas
1114 539 1344 622 aequaverunt
1357 522 1488 598 hastas.
1539 526 1633 616 Quo·
1713 551 1714 602 g

340 675 420 725 rum
435 673 549 722 unum
560 643 775 736 Tborkillus,
791 643 1031 718 adnitentibus
1045 649 1163 736 sociis,
1186 663 1305 720 mento
1324 649 1492 746 patientis
1514 671 1636 718 excus-

338 797 431 864 sum,
444 795 522 870 qno
535 771 736 868 promptior
747 765 839 842 fides
855 769 927 842 suis
942 766 1135 843 haberetur
1148 767 1333 867 operibus,
1346 769 1557 858 asservavit3
1570 783 1637 841 sta-

340 897 477 993 timqne
491 907 586 966 tanta
601 890 738 964 foetoris
753 891 807 964 vis
823 888 872 962 ad
885 893 1155 964 circumstantes
1173 894 1339 983 manavit,
1352 909 1403 984 ut,
1420 895 1486 967 nisi
1502 915 1637 990 repres-

340 1019 389 1092 sis
412 1013 563 1090 amiculo
585 1011 752 1104 naribus,
778 1018 952 1111 respirare
970 1015 1167 1114 nequirent
1217 1015 1356 1112 Vixque
1371 1039 1522 1114 egressu
1536 1016 1637 1112 potiti,

341 1139 389 1214 ab
405 1135 643 1212 insolentibus
659 1135 820 1233 undique
838 1134 997 1209 colubris
1012 1153 1273 1234 conspuuntur.
1329 1140 1497 1236 Quinque
1515 1136 1638 1210 danm-

340 1278 400 1336 xat
416 1257 588 1334 Tborlxilli
604 1262 784 1349 comitum,
802 1259 938 1332 caeteris
956 1279 1095 1332 veneno
1112 1264 1342 1356 consumptis,
1369 1261 1550 1359 navigium
1565 1284 1638 1331 cum

341 1383 493 1458 ductore
509 1379 761 1456 conscendunt
812 1383 999 1454 imminent
1025 1379 1123 1454 efferi
1154 1378 1337 1456 daemones
1362 1399 1397 1456 et
1411 1385 1448 1456 in
1468 1381 1638 1479 subjectos

341 1521 513 1582 venenata
526 1505 660 1604 passim
682 1517 787 1600 sputa
810 1505 1012 1602 conjiciunt
1062 1507 1108 1576 At
1125 1519 1254 1595 nautae,
1272 1512 1452 1603 praetentis
1471 1505 1639 1578 coriorum
1713 1557 1714 1598 4

341 1624 576 1718 umbmculis,
601 1623 773 1723 illapsum
786 1651 956 1725 respuere
978 1631 1087 1700 virus.
1136 1621 1205 1698 ‘Hic
1229 1626 1420 1725 cujusdam
1445 1625 1536 1699 forte
1558 1651 1639 1725 pro-
1713 1655 1714 1708 3

341 1757 480 1851 spicere
499 1749 675 1848 cupientis
691 1765 825 1822 tactum
844 1775 983 1823 veneno
1000 1764 1118 1848 caput,
1134 1747 1282 1847 perinde
1299 1774 1342 1823 ac
1361 1749 1458 1824 ferro
1482 1755 1639 1841 recisum,

343 1875 468 1948 cervici
489 1887 694 1970 exemptum
717 1886 779 1946 est.
839 1869 940 1944 litus
968 1869 1104 1946 ocellos
1129 1869 1348 1946 umbraculis
1374 1877 1556 1967 exerens¹,
1580 1872 1638 1947 sub

343 1995 471 2072 eadem
494 2017 628 2070 vacuos
654 1991 831 2068 luminum
848 1991 956 2066 orbes
979 1994 1106 2069 retulit.
1158 1992 1256 2067 Alius
1281 2010 1400 2068 exerta
1424 2021 1535 2070 manu
1554 1999 1637 2095 tegi-

342 2143 425 2192 men
440 2115 630 2216 explicans,
651 2113 815 2216 ejusdem
830 2115 923 2190 tabis
937 2117 974 2190 vi
990 2131 1156 2190 auncum
1173 2113 1220 2188 ad
1237 2139 1277 2189 se
1289 2115 1480 2194 brachium
1496 2143 1639 2192 revoca·

343 2243 404 2317 vit
453 2243 564 2340 igitur
579 2239 714 2312 caeoeds
729 2240 965 2336 propensiora
988 2237 1055 2312 sibi
1078 2240 1224 2312 nurnine
1245 2243 1489 2340 nequicquam
1515 2240 1638 2340 depre-

344 2363 528 2454 cantibus,
550 2359 755 2436 Tborlxillus
782 2361 1020 2435 Universitatis
1047 2362 1189 2436 Deum²
1213 2361 1303 2436 votis
1319 2385 1527 2462 aggressus,
1546 2366 1638 2462 cique

343 2511 427 2562 cum
449 2483 619 2586 precibus
643 2482 835 2557 libamenta
860 2479 1080 2576 defundens,
1108 2509 1193 2556 mox
1214 2485 1342 2584 prioris
1367 2485 1449 2558 coeli
1478 2511 1584 2560 usum
1605 2509 1638 2558 ac

343 2611 534 2710 perspicua
547 2631 670 2682 rerum
686 2603 858 2680 clementa
870 2629 1046 2706 prospera
1063 2608 1287 2707 navigatione
1306 2604 1458 2708 collegit.

475 2733 631 2828 Jamque
660 2726 769 2801 alium
793 2729 863 2804 sibi
885 2729 1014 2803 orbern
1046 2746 1156 2828 atque
1181 2732 1301 2829 ipsum
1325 2754 1446 2804 rerum
1472 2727 1637 2803 bumana·

343 2881 426 2930 rum
440 2851 574 2926 aditam
590 2854 790 2950 perspicere
804 2849 1026 2926 uidebantur.
1052 2851 1215 2926 Tandem
1230 2850 1277 2925 ad
1284 2854 1522 2944 Germaniam,
1540 2851 1637 2926 Cbri-

343 2979 464 3052 stianis
478 2989 562 3048 tunc
586 2977 694 3046 meris
718 2973 898 3069 initiatam,
922 2973 1108 3074 appulsus,
1127 2972 1227 3073 apud
1247 2976 1327 3074 ejus
1341 2974 1524 3074 populum
1546 2975 1638 3048 divid

343 3097 459 3172 cultus
480 3094 682 3170 rudimenta
702 3097 872 3194 percepit
946 3097 1014 3172 Ubi
1041 3104 1222 3172 sociorum
1245 3121 1354 3171 manu
1379 3097 1429 3172 ob
1453 3099 1638 3172 inun'tettm

345 3221 436 3296 aeris
459 3215 627 3293 baustum
649 3211 917 3317 propemodum
948 3235 1181 3318 consumpta,
1209 3217 1356 3294 duobus
1376 3235 1532 3312 tanmm,
1561 3241 1639 3318 quos

345 3365 426 3418 sors
447 3339 570 3414 ultim
601 3341 837 3439 praetcrierat,
860 3345 1045 3416 comitatus
1074 3342 1227 3426 redibam
1262 3341 1310 3416 ad
1338 3345 1491 3442 patriam
1521 3340 1639 3416 babuit

337 3465 479 3566 ¹Verum
498 3461 604 3537 illitus
630 3465 685 3537 ori
701 3488 840 3537 marcor
864 3465 911 3537 ita
935 3463 1099 3538 habitum
1116 3466 1277 3564 corporis
1299 3490 1342 3538 ac
1367 3467 1516 3564 pristina
1528 3464 1639 3537 forme

345 3587 556 3662 lineamenta
578 3585 756 3680 confudit,
780 3604 820 3660 ut
845 3612 892 3664 ne
916 3587 963 3660 ab
991 3592 1112 3662 amicis
1134 3587 1280 3686 quidem
1303 3588 1477 3687 potuisset
1499 3587 1640 3686 agnosd

345 3716 392 3784 At
414 3708 491 3801 ubi,
517 3706 657 3783 detersa
680 3708 822 3802 illuvie,
844 3712 1004 3786 notitiam
1024 3711 1079 3784 sui
1093 3709 1287 3786 visentibus
1308 3707 1474 3802 reddidit,
1495 3709 1641 3782 eximiam

345 3836 421 3932 regi
446 3831 704 3932 cognosccndae
736 3831 923 3933 legationis
948 3833 1149 3940 aviditatem
1171 3832 1325 3932 ingessit.
1397 3831 1470 3905 Sed
1498 3829 1641 3905 necdum

347 3953 560 4028 emulorum
586 3955 840 4030 obtrectatione
862 3961 997 4055 sopita,
1019 3955 1130 4048 suere,
1156 3959 1217 4054 qui
1238 3979 1373 4054 regem,
1395 3954 1642 4056 cognitisque

346 4076 553 4152 Tborkillus
569 4075 717 4170 afferret,
733 4078 854 4153 subito
868 4078 1099 4155 decessurum
1116 4091 1320 4152 astruerent
1373 4081 1479 4150 Auxit
1492 4075 1641 4150 affictae-

347 4202 453 4276 tionis
477 4199 589 4274 iidem
609 4199 772 4300 ejusdem
790 4203 843 4276 rei
864 4201 953 4275 falsa
975 4202 1101 4274 somnii
1126 4199 1355 4300 praedictione
1377 4215 1545 4299 suggesm
1565 4220 1640 4270 cre·

393 4463 557 4549 'EtemnsJ
579 4463 637 4532 Ed.
655 4487 705 4552 pr.
728 4461 822 4528 babet
836 4489 970 4530 exercens
1077 4467 1315 4532 'Umbersitaa's
1339 4460 1446 4544 Demi]
1476 4463 1643 4526 Universae

347 4591 453 4638 more
467 4574 516 4638 vel
527 4571 636 4637 totilam
649 4575 699 4638 vel
711 4573 906 4658 typographi,
921 4571 970 4635 oui
1032 4595 1127 4634 rerum
1156 4570 1299 4634 Ciceroni
1332 4583 1379 4634 est
1411 4579 1493 4634 totns
1515 4561 1642 4628 mundet

347 4677 440 4742 etiam
455 4679 489 4742 in
502 4678 581 4744 linea
601 4679 738 4765 sequenti
753 4677 882 4746 debetur
898 4680 973 4750 tabi,
1033 4679 1081 4740 De
1094 4679 1200 4741 Natur.
1214 4679 1309 4742 Deor.
1325 4681 1350 4755 l,
1369 4697 1436 4762 cap.
1450 4669 1498 4737 43

348 4783 433 4870 qnod
458 4786 640 4870 stephanius
656 4798 740 4850 recte
757 4786 892 4851 correxit
915 4805 971 4869 po·
1506 4795 1512 4804 '

349 4909 425 4953 nene
440 4892 525 4952 todia
