3506 5458
362 303 436 384 486
702 305 891 390 ,assos
905 304 1012 378 DAN.
1026 304 1225 378 LIBERX.

315 515 412 610 milia
427 533 623 599 numerant.
674 513 776 590 Adeo
801 517 894 594 enirn
918 519 1139 612 captivarum
1162 538 1265 591 amor
1285 519 1461 591 emturum
1485 512 1627 584 animos

316 645 421 740 cepit,
445 655 499 730 pt,
520 645 649 716 omissa
665 636 837 713 redeundi
853 635 1067 736 cupiditate,
1082 637 1289 712 barbariem
1303 661 1375 734 pro
1389 637 1504 732 petria
1519 631 1627 706 cole·-

317 779 415 856 reni,
430 761 552 838 alienis
568 787 678 860 qnam
694 767 768 836 suis
789 759 964 858 conjugiis
984 762 1182 858 peropiunes.

448 888 531 959 Post
548 881 627 959 baec
651 881 785 982 Thym,
802 885 948 958 Danieae
969 885 1162 980 majestatis
1184 895 1307 978 caput,
1329 879 1524 976 absumpta
1540 881 1629 952 ω’.

317 1007 433 1104 Cujus
449 1003 768 1102 eorpusHaraldus
782 1003 1004 1104 amplissimo
1019 1003 1144 1078 sunere
1157 1002 1292 1078 elatum
1305 1027 1437 1102 magno
1447 1027 1531 1078 oum
1541 1027 1628 1074 our-

318 1132 415 1221 nium
449 1125 621 1226 plangore
654 1152 726 1200 non
749 1127 856 1228 longe
881 1151 902 1202 r
924 1131 1032 1225 patris
1058 1125 1416 1224 tumulo-sepulturae
1439 1121 1627 1211 mandarit.

318 1253 441 1348 Neque
454 1255 545 1322 enim
563 1266 633 1322 tam
648 1252 720 1322 aeri
740 1253 878 1349 jactura
893 1249 1110 1345 cujusquam
1136 1264 1281 1345 penates
1303 1253 1469 1324 moeroris
1495 1271 1626 1343 eaper-

318 1387 369 1466 tps
383 1394 459 1446 esse
475 1387 650 1470 poterant,
675 1373 814 1470 privato
838 1370 963 1444 funere
981 1367 1164 1466 publicam
1182 1376 1306 1467 patriae
1323 1370 1506 1444 fortunam
1522 1373 1626 1465 expi-

312 1517 414 1580 rasse
429 1491 624 1568 credentes.
678 1492 745 1568 Ubi
762 1519 857 1569 nunc
875 1514 1022 1592 quoque
1039 1496 1234 1567 sacrarium
1251 1494 1454 1590 perspicere
1471 1505 1534 1581 est,
1552 1489 1626 1564 du·

319 1639 424 1691 nrum
447 1603 645 1713 conjugum
662 1615 854 1690 socialibus
868 1615 981 1691 bustis
994 1614 1237 1688 intersitum&

450 1742 522 1811 Nec
537 1737 677 1814 silentio
697 1736 966 1840 implicandum,
980 1732 1082 1834 quod
1104 1736 1275 1832 sequitur.
1343 1736 1447 1810 Tollo
1468 1733 1627 1833 quidam,

320 1855 540 1956 aliquamdiu
565 1861 659 1959 regis
675 1859 849 1958 stipendia
867 1861 1051 1951 meritus³,
1082 1857 1220 1946 officiis,
1245 1857 1381 1956 quibus
1406 1857 1625 1933 consmilito—

185 2075 196 2085 ἡ
319 2005 406 2052 nuni
425 1980 542 2076 studia
557 1980 765 2080 superabat,
784 1983 989 2081 complures
1005 1986 1174 2057 virtutum
1194 2003 1341 2054 suarum
1356 1977 1479 2054 bostss
1494 1978 1625 2055 clloce-

320 2117 384 2174 rat
436 2105 502 2176 Hic
518 2106 622 2194 lor-te,
645 2129 812 2178 sermone
835 2105 926 2176 inter
950 2110 1119 2178 convivas
1147 2101 1372 2176 temulentias
1399 2100 1534 2191 habito,
1560 2119 1627 2178 tam

321 2224 468 2326 copioso
485 2249 523 2298 se
538 2225 724 2326 sagittandi
746 2253 813 2300 usu
837 2225 967 2300 callere
985 2225 1161 2325 jactabat,
1187 2241 1228 2298 ut
1252 2249 1404 2322 pomum
1428 2240 1627 2322 quantum·
1741 2237 1742 2296 Ὺ

321 2348 646 2446 cunqueeriguum
664 2347 797 2422 baculo
835 2374 855 2422 e
886 2346 1048 2424 distantia
1071 2354 1339 2448 superpositum
1365 2349 1482 2444 prima
1506 2347 1627 2445 spiculi

320 2464 511 2540 directione
528 2471 655 2544 leriret.
703 2473 792 2564 Quoe
808 2495 889 2559 vox,
904 2475 1060 2567 primum
1074 2469 1348 2546 obtrectantium
1363 2468 1623 2544 auribuserce-

321 2605 393 2685 pta,
418 2591 512 2688 regis
527 2594 631 2667 etiam
653 2590 814 2680 auditum
839 2594 960 2692 attigit.
1014 2590 1083 2666 Sed
1107 2619 1190 2668 mox
1223 2596 1395 2692 principis
1420 2591 1624 2690 improbitas

321 2714 431 2808 patris
456 2711 624 2790 fiduciam
656 2712 702 2786 ad
730 2712 790 2794 filii
815 2714 1015 2812 periculum
1040 2712 1235 2806 transtulit,
1277 2713 1521 2788 dulcissimu-
1549 2715 1624 2787 ritae
1742 2729 1743 2816 f

321 2835 399 2932 ejus
422 2837 554 2934 pignus
579 2835 702 2910 baculi
724 2833 803 2908 loco
836 2838 942 2910 statui
974 2840 1173 2936 imperans,
1198 2840 1258 2912 eui
1287 2840 1351 2912 nisi
1383 2837 1625 2935 promissionis

320 2972 446 3030 auctor
462 2959 578 3055 prium
598 2959 730 3056 sagittae
749 2974 877 3046 conata
893 2985 1044 3057 pornuin
1066 2960 1268 3058 impositum
1285 2963 1507 3044 excussisset,
1533 2983 1623 3056 prn-

320 3083 400 3173 prio
425 3081 540 3177 capite
561 3080 673 3152 inanis
696 3081 871 3176 jactantiae
897 3105 1025 3178 poenas
1059 3080 1182 3155 lueret.
1259 3083 1415 3182 Urgebat
1439 3087 1620 3180 inperium

320 3201 413 3298 regis
433 3198 578 3273 militem
595 3203 732 3296 majora
756 3205 938 3297 promissis
954 3202 1081 3296 edere,
1105 3204 1228 3281 alienae
1253 3205 1517 3280 obtrectationis
1537 3207 1620 3280 iusi-

320 3317 388 3394 diis
411 3345 539 3418 parum
561 3320 692 3397 sobriae
716 3325 812 3396 vocis
835 3326 968 3422 jactum
997 3327 1238 3424 carpentibus.
1313 3331 1438 3427 ltaque
1461 3355 1504 3403 er
1527 3329 1618 3404 dictis

320 3448 425 3515 etiam
440 3467 513 3534 non
537 3443 712 3518 dictorum
733 3445 869 3538 effectui
899 3447 1166 3547 obligabatum,
1191 3449 1388 3550 evenitque,
1410 3468 1450 3524 at
1480 3468 1617 3526 conatus

367 3707 485 3789 'Thsra
514 3750 534 3768 ..
565 3710 717 3794 absumpta
749 3706 807 3788 err]
832 3708 946 3774 Obsce·
1003 3729 1047 3786 ue,
1069 3711 1150 3779 bunc
1163 3713 1331 3791 't'aloueuu
1348 3714 1475 3778 testibm
1491 3711 1617 3788 ritualia,

319 3810 456 3873 rationes
483 3811 513 3872 in
551 3812 709 3878 historiam
738 3815 849 3896 'l'byrae
887 3815 946 3878 vid.
1003 3817 1094 3880 l'aisse
1112 3820 1527 3904 unuinoproceribasregni.
1549 3823 1616 3882 Por·

318 3913 350 3974 ia
367 3923 432 3977 not.
450 3917 532 3980 uber.
1001 3943 1037 3986 ru
1053 3923 1159 3984 exinde
1174 3925 1391 4005 concludimus,
1401 3929 1557 4002 saxonem,
1571 3925 1616 3988 de

365 4025 561 4084 ²Sacrar1'um
590 4068 611 4084 ..
643 4025 764 4086 duorum
792 4028 946 4110 conjugum
1003 4028 1190 4090 ratissimum
1216 4030 1375 4094 Absalonis
1394 4031 1613 4118 Archiepiscopi

319 4127 409 4188 bostri
422 4127 598 4210 rietersitaor]
619 4133 667 4191 lle
686 4129 814 4192 collibus
833 4133 947 4214 gemel·
1001 4135 1159 4210 cultorem,
1174 4133 1259 4198 illum
1275 4137 1432 4200 'l'oltouem
1450 4139 1567 4200 mininis
1580 4136 1613 4197 ad

318 4233 354 4295 lis
373 4233 513 4319 lellingae
532 4235 596 4296 sitis
623 4235 719 4320 deque
740 4235 948 4321 inscriptioni·
1000 4251 1102 4302 ataros
1126 4239 1285 4305 Absalonis
1308 4247 1462 4323 retulisse;
1485 4267 1551 4307 nam
1572 4243 1612 4304 sir

319 4337 376 4402 bus
390 4341 502 4404 runicis
515 4341 558 4402 ibi
570 4344 700 4424 repertis
723 4341 780 4404 rid.
797 4355 861 4404 not.
873 4343 924 4405 nb.
1001 4347 1149 4410 omisisset
1182 4349 1371 4430 sagittarium
1408 4369 1464 4414 eeu
1503 4351 1614 4431 inclyte

365 4449 944 4534 ¹T0toqaidam,atr'qaamdeiaregesti·
1000 4453 1104 4536 stirpis
1125 4465 1261 4516 calorem
1286 4454 1461 4538 designare,
1489 4457 1515 4520 sl
1532 4457 1611 4518 talea

315 4553 425 4638 peridis
446 4549 580 4633 mertias]
608 4552 718 4630 Ratio,
749 4576 808 4638 qus
831 4559 959 4623 Noster⁴
1000 4556 1152 4625 habuisset
1165 4560 1330 4644 cognitum.
1371 4564 1466 4626 Plura
1480 4561 1518 4626 de
1531 4561 1611 4624 bacca

319 4655 486 4734 'luloneaa
509 4677 563 4720 ceu
590 4657 744 4720 bominem
766 4659 939 4742 obscurum,
996 4667 1173 4751 genealogia
1187 4664 1349 4732 Absulcnis
1367 4665 1425 4733 rid.
1438 4667 1470 4732 ia
1491 4681 1551 4732 not.
1565 4665 1610 4728 ab

317 4761 631 4826 enumeratellitibus
652 4765 752 4850 regiis,
767 4771 800 4834 iu
818 4791 937 4836 scenam
1044 4779 1055 4812 ⁸
1076 4769 1284 4856 Oblr'gulutar]
1308 4772 1492 4856 Stephani!
1522 4771 1609 4838 uerri·

317 4867 468 4950 producit,
482 4868 554 4930 satis
568 4871 711 4948 ostendit,
726 4893 794 4938 eum
803 4877 939 4958 ignoras·
994 4897 1067 4960 gens
1080 4877 1181 4960 posuit
1195 4881 1351 4964 surgatur.
