3442 5456
540 360 546 380 .
661 319 900 397 laamas.
1296 321 1376 407 2⁰9

106 531 236 607 mattis
250 525 476 626 pecmulsum
493 525 710 604 liberalitatis
725 525 853 613 officiis
867 524 1040 619 deliniret,
1054 525 1218 626 ¹ciboque
1242 543 1277 607 et
1300 529 1427 628 patian-

105 673 153 722 us
171 647 353 729 firmattuu
381 651 538 752 benigno
552 667 727 726 recrearet
747 649 921 750 alloquio,
939 648 1123 748 pausatus,
1145 648 1241 722 bunc
1256 649 1324 725 sibi
1342 650 1426 741 olim

103 795 128 842 a
157 786 262 870 patre
295 787 447 851 tutorem
468 771 594 851 datum
622 773 776 848 infantiae
806 797 883 846 suae
912 769 1253 872 indulgentissimum
1275 775 1427 846 euittsse

104 892 307 970 cuaodem.
364 899 458 972 Tum
475 895 680 972 serasenilis
701 896 810 968 animi
825 894 1011 994 cuguiuix,
1024 896 1140 994 rigore
1162 899 1196 967 in
1215 911 1422 977 inassuetu-

103 1013 229 1090 dinem
243 1043 357 1112 verso,
380 1043 490 1120 quem
506 1019 651 1118 repulsa
671 1017 843 1108 affecerat,
868 1018 1012 1090 convicii
1031 1014 1262 1091 amaritudine
1284 1015 1425 1092 laceta-

105 1154 217 1230 verat,
239 1141 458 1218 ministrandi
484 1141 602 1216 studio
620 1157 785 1214 venerata
801 1157 866 1230 cst,
886 1155 995 1238 atque
1009 1165 1052 1244 ea
1076 1138 1213 1238 hospita
1229 1137 1423 1238 indignan7

103 1275 141 1332 te
170 1260 532 1360 obsequentissimam
549 1261 780 1340 adulatricem
804 1287 911 1364 agere
939 1267 1058 1360 coepit,
1072 1262 1306 1348 curiositatum
1320 1287 1423 1364 stratu

102 1381 168 1454 irae
187 1383 267 1482 ejus
289 1410 474 1486 opponere
497 1389 668 1485 cupiens,
690 1411 736 1460 eu
761 1383 908 1486 quidem
932 1387 1049 1459 miuus
1076 1409 1199 1459 errore
1222 1382 1424 1483 culpabilis,

102 1527 183 1602 quo
197 1503 300 1587 illum
314 1509 465 1587 celerius
481 1511 673 1610 obiurgata
687 1507 851 1582 deseruit.
896 1512 970 1582 Nec
986 1525 1104 1582 tamen
1123 1505 1222 1578 leves
1235 1507 1314 1602 ejus
1332 1531 1421 1602 poe7

101 1647 174 1721 Μ,
185 1630 377 1728 pependit,
406 1657 489 1708 cum
513 1632 604 1724 loca,
620 1634 657 1709 in
674 1631 809 1730 quibus
831 1627 1059 1706 fortissimum
1080 1654 1201 1704 senem
1225 1626 1422 1721 discubitus

102 1749 251 1848 repulsa
274 1751 511 1853 suqdlnverat,
537 1752 771 1854 postmodum
800 1751 950 1828 fratrum
977 1777 1127 1832 suorum
1142 1749 1309 1827 cladibus
1328 1777 1421 1856 cru7

101 1887 224 1955 eutata
241 1881 472 1974 conspiceret.

236 2002 345 2074 Nocte
358 2023 457 2087 vero,
472 1996 608 2098 lngello
624 1997 747 2071 cibum
766 2021 850 2070 cum
869 1997 1040 2098 Svcrtingi
1054 1996 1133 2074 filiis
1152 2000 1325 2098 capiente,
1346 2027 1419 2100 ap-

100 2121 335 2218 paratissimis
360 2121 518 2222 dapibus
540 2123 701 2196 insistens
722 2119 906 2192 luxurioso
923 2145 1063 2195 mensas
1081 2122 1191 2226 epulo
1215 2125 1420 2225 cumulavit,

98 2265 310 2342 meaque,
323 2271 369 2318 ne
384 2251 608 2323 maturiusse
627 2244 791 2318 convivio
807 2240 1045 2335 subtiaheret,
1062 2243 1223 2318 battuli-vri
1239 2249 1419 2325 invitatio-

98 2390 146 2438 ue
162 2367 318 2458 retittuit,
337 2384 511 2468 unquam
524 2369 738 2468 operosioris
760 2389 852 2438 escae
875 2364 1136 2442 oblectamenta
1160 2366 1319 2443 solidum
1343 2377 1418 2446 vir-

99 2490 186 2562 tutis
202 2490 356 2588 rigorem
372 2515 545 2568 excavare
558 2495 762 2590 potuissent
808 2489 947 2584 Quibus
965 2513 1047 2564 cum
1061 2487 1305 2566 Starcatberus
1322 2517 1418 2569 ocu-

97 2610 153 2686 lus
171 2612 385 2708 asseruisset,
403 2639 529 2688 corum
545 2637 615 2686 usu
633 2611 820 2688 lasciviore
835 2629 1059 2710 contempto,
1091 2636 1136 2686 ne
1160 2610 1249 2710 quid
1272 2631 1418 2689 externo

97 2737 180 2808 ritui
198 2733 408 2836 indulgeret,
425 2739 675 2834 temperantia,
702 2763 773 2836 qua
795 2737 993 2836 plurimum
1010 2734 1192 2835 pollebat,
1217 2738 1415 2834 appetitum

97 2881 205 2934 &lum
226 2856 399 2939 advertas
414 2855 623 2935 deliciarum
638 2861 853 2937 irritamenta
871 2860 1036 2948 firmavit,
1056 2884 1100 2930 ne
1115 2855 1283 2932 bellicam
1306 2857 1417 2954 cla1·i-‚

96 2995 207 3050 tatem
239 2977 484 3054 convivalibus
516 2979 693 3054 illecebris
725 2981 984 3057 absumendam
1018 2988 1245 3080 permitteret.
1331 2985 1416 3075 Euat

96 3109 192 3175 euim
228 3100 398 3200 fortitudo
430 3104 510 3204 ejus
534 3100 743 3204 frugalitatis
770 3107 934 3196 amatrix,
969 3104 1083 3176 aliena
1105 3105 1222 3178 nimiae
1251 3103 1414 3197 ciborum

95 3221 333 3304 abendune,
359 3240 393 3297 et
410 3223 457 3298 ab
470 3223 703 3309 immoderato
719 3226 855 3325 dapum
869 3253 939 3305 usu
957 3251 1092 3316 aversa,
1105 3241 1228 3324 utpote
1244 3252 1326 3326 quac
1344 3228 1415 3300 uli·-

95 3371 172 3444 quc
189 3347 225 3418 in
244 3363 425 3422 ramento
442 3346 598 3446 ponendi
613 3347 790 3424 luxuriam
800 3375 983 3448 nimquam
1000 3351 1170 3442 vacavit¹,
1189 3373 1414 3448 semperque,

95 3467 282 3568 voluptate
297 3471 439 3562 omissa,
455 3475 591 3549 virtutis
605 3488 804 3570 respectum
821 3475 899 3572 egit
933 3475 1025 3544 Cum
1042 3495 1129 3568 ergo
1147 3489 1302 3555 vetustus
1319 3499 1414 3550 cou-

94 3596 250 3671 ticenae
266 3615 387 3679 mores
410 3617 631 3691 omnemque
648 3573 813 3692 ‘pristinae
837 3591 1105 3672 consuetudinis
1127 3591 1289 3695 habitum
1314 3623 1412 3702 truvo

93 3713 190 3797 luxu,
205 3738 248 3793 ac
270 3711 404 3791 lautitia
428 3719 607 3814 corrumpi
632 3715 941 3807 animadverteret,
961 3717 1155 3791 rusticioris
1181 3743 1272 3794 escae
1297 3745 1412 3818 para-

94 3853 175 3910 tum
193 3855 379 3936 appetens,
403 3861 517 3915 coenae
537 3840 812 3936 sumptuosioris
831 3836 1053 3936 impendium
1075 3839 1254 3914 fastidivit.
1303 3845 1414 3940 Igitur·

95 3959 292 4058 profusam,
302 3959 441 4058 dapum
457 3958 711 4058 indulgentiam
737 3980 967 4060 aspernatus,
991 3964 1203 4074 fumidoque
1223 3969 1266 4038 uc
1289 3971 1413 4064 rauci-2

92 4081 184 4159 dulc
201 4082 284 4156 cibo
313 4077 410 4170 usus,
437 4081 569 4152 samem
587 4107 631 4156 ec
646 4083 825 4180 sapidius,
851 4113 926 4182 quo
949 4087 1158 4184 simplicius,
1183 4088 1330 4187 pepulit,
1364 4115 1410 4160 ne

92 4231 189 4278 verae
206 4206 341 4280 virtutis
360 4227 489 4278 nervos
506 4219 730 4278 externarum
756 4204 962 4282 deliciarum
988 4213 1200 4308 contagione
1238 4227 1411 4308 tanquauq

137 4491 267 4572 ¹Aliquc
288 4492 473 4552 ramonariae
484 4485 617 4572 ponendi
633 4489 719 4560 lucu·
778 4481 815 4550 4:
836 4489 980 4576 Deinceps
997 4507 1027 4554 ct
1048 4490 1094 4552 leis
1111 4511 1259 4560 vacemus,
1288 4509 1409 4571 quorum

91 4599 168 4656 riam
187 4615 335 4677 truuqunm
360 4591 493 4673 wadel]
521 4590 659 4654 insolens
672 4591 719 4652 lo·
777 4596 892 4654 murras
920 4597 1017 4678 aliquo
1046 4600 1078 4656 iu
1109 4610 1250 4656 mouwuto
1270 4597 1409 4680 ponendo

89 4697 175 4764 cndu
186 4695 243 4764 ced
255 4696 446 4766 Valerianum
454 4696 596 4761 redolens
607 4687 717 4776 cisupu-
772 4701 927 4783 pecuariam
941 4723 1087 4786 tauquam
1100 4705 1225 4764 wanti.
1235 4696 1285 4778 (S)
1300 4698 1406 4782 (bpvrd

91 4803 207 4882 teylav.
247 4803 314 4873 ,δίο
326 4803 407 4884 euim
420 4801 550 4866 totidem
566 4801 634 4868 fere
652 4823 718 4868 ver·
779 4805 929 4870 Saxonum
948 4825 1071 4894 quoque
1091 4807 1150 4890 leg.
1164 4805 1310 4892 potando.
1330 4807 1408 4890 atq.)

90 4908 136 4972 bis
155 4910 294 4972 Valerius
306 4910 452 4974 Maximus
470 4908 522 4972 lib.
536 4912 579 4976 tv
603 4909 717 4996 capii,
