3458 5454
385 307 460 386 340
726 307 901 380 Histoe.
917 308 1023 380 DAN.
1039 307 1177 380 LIBER
1194 308 1265 380 vn.
1352 343 1356 350 ·

634 515 823 618 firmisque
831 531 949 618 parta
967 517 1120 590 claritas
1128 546 1145 610 ,·

470 647 537 716 Ast
550 641 647 714 iiiam
665 640 794 741 eapitis
807 639 916 712 decor
929 637 1157 740 approbata
1175 638 1269 711 nitor
1288 640 1361 712 oris
1384 651 1388 716 i

567 758 588 794 '
635 767 838 861 Verteaqae
855 738 1151 859 crinefutgrttuii

468 885 595 962 Sardet
608 885 722 958 titane
736 882 845 956 decus
853 883 1012 982 forma,
1037 879 1272 978 confunditur
1289 884 1330 956 in
1349 909 1388 954 se

633 1005 774 1082 Fatus
792 1003 933 1078 decoris
951 1003 1123 1104 degrnitm.
1360 1103 1372 1110 ,

464 1131 685 1234 Disparibus
700 1128 828 1202 studiis
848 1129 983 1228 spectes
1000 1125 1202 1226 citusque¹
1224 1143 1414 1226 regantur,

634 1257 725 1326 Hac
732 1267 892 1353 perstat,
916 1249 983 1322 itta
1001 1249 1146 1351 deperit.
1206 1308 1208 1314 .

465 1383 643 1475 importat
655 1373 784 1446 orizam
798 1398 941 1444 saeuus
956 1373 1080 1461 eoior;
1096 1371 1191 1443 dunc
1208 1367 1299 1442 Ievis
1314 1372 1408 1443 anai

637 1498 775 1570 Fluess
786 1494 977 1594 gradatim
990 1495 1153 1594 dissipat.

468 1627 536 1695 Ast
552 1620 718 1722 probitas
735 1619 878 1692 ntelrore
894 1620 972 1691 ioco
985 1641 1054 1688 sua
1061 1632 1215 1717 pectora
1218 1617 1369 1714 firmat,

631 1746 708 1816 Nec
725 1742 834 1842 lapsa
842 1766 998 1842 prorsus
1012 1738 1154 1812 eacziiit.

465 1867 653 1940 Exteriore
667 1865 761 1938 bona
774 1865 941 1962 eruaris
946 1861 1103 1960 fallitur
1120 1883 1234 1946 aura,

632 1989 799 2088 Reco’qsae
815 2011 983 2058 normam
997 1984 1147 2084 neglegit
1155 2013 1171 2073 ,-

462 2117 515 2193 At
528 2109 619 2188 atriti
631 2135 787 2183 censura
801 2111 918 2182 oz'rtus
926 2107 1070 2211 patrare
1080 2105 1275 2206 probatur,

631 2238 762 2337 Spreta
778 2231 919 2305 decoris
931 2231 1070 2329 gratia.

344 2351 347 2359 ’
460 2357 551 2447 Qua
575 2381 646 2430 vox
669 2360 714 2429 its
744 2355 792 2429 sd
815 2342 1003 2428 astantium
1028 2377 1131 2427 aures
1155 2352 1320 2450 delapsa,
1352 2369 1392 2425 ut
1414 2352 1625 2451 Hsgbsrthus

329 2477 483 2550 Haconis
507 2473 646 2550 laudari
676 2477 855 2552 vocabulo
880 2491 1073 2574 putaretur.
1151 2480 1181 2546 Α
1206 2501 1280 2574 qus
1313 2501 1397 2548 cum
1418 2473 1626 2576 Hildigisleus

329 2597 582 2698 Hcgbsrthum
611 2597 678 2673 sibi
705 2597 895 2698 praelatum
919 2596 1080 2670 dolenter
1101 2595 1271 2688 tulisses,
1292 2596 1497 2670 Bolvisum³
1523 2621 1626 2694 quen-

328 2717 414 2796 dcm
435 2719 630 2796 luminibus
646 2740 793 2822 captum
809 2719 1019 2794 muneribus
1038 2717 1153 2810 illicit,
1189 2725 1250 2818 ‘lui
1276 2721 1388 2818 Sigsri
1410 2737 1445 2794 et
1466 2715 1625 2792 Hamundi

325 2841 420 2927 filios
433 2843 481 2918 sd
497 2845 670 2920 amicitias
685 2845 772 2920 odio
786 2829 1039 2943 permutandus
1059 2841 1262 2917 adduceret
1323 2845 1400 2915 Rex
1425 2846 1558 2943 quippe
1577 2841 1624 2912 Si-

326 2989 436 3066 gsrus
451 2991 580 3040 senum
597 2966 766 3061 duorum,
784 2991 942 3065 quorum
966 2964 1054 3038 alter
1078 2963 1242 3042 Bolvisus
1268 2981 1354 3056 erat,
1379 2964 1524 3038 oonsilio
1547 2988 1624 3036 cun-

326 3103 384 3160 cta
398 3089 474 3160 iere
495 3113 618 3188 gerere
640 3105 881 3165 consueverat.
942 3090 1081 3160 Horum
1103 3103 1176 3159 tam
1201 3087 1339 3161 discors
1361 3090 1540 3187 ingenium
1562 3085 1624 3170 isit,

326 3225 366 3282 ut
384 3207 471 3283 alter
492 3211 680 3286 inimicitiis
703 3208 911 3286 dissidentes
946 3218 980 3283 in
1007 3213 1159 3317 gretiam
1186 3207 1358 3284 reducere
1382 3209 1510 3284 solitus
1539 3219 1624 3294 esset,

371 3477 381 3510 ¹
394 3474 511 3560 Species
520 3473 684 3562 uirtusque]
709 3478 754 3539 Its
765 3476 889 3539 omniuo
903 3496 951 3540 re·
1013 3471 1155 3562 deinceps
1169 3473 1283 3538 certior
1296 3473 1395 3538 tactus
1409 3475 1622 3554 aemuluuling·

324 3587 374 3640 cto
396 3579 500 3662 posuit
518 3580 711 3666 stephanius.
752 3584 788 3644 ln
812 3581 884 3646 edit.
903 3605 951 3668 pr.
1012 3579 1157 3644 berthum
1173 3601 1330 3644 removere
1346 3579 1474 3646 studuit.

324 3682 436 3766 iegitur
457 3686 564 3752 ordine
583 3687 724 3751 turbato:
745 3693 840 3754 virtus
859 3695 952 3776 speci·
1058 3685 1623 3768 ³Boteoum11nnomineomet3nm

322 3813 418 3874 etqua.
1010 3793 1133 3856 Baulois
1154 3789 1185 3872 (a
1213 3795 1293 3856 Baui
1317 3792 1489 3872 calamites,
1512 3788 1622 3866 melun)

1008 3895 1158 3982 significat
1178 3897 1336 3982 infaustus.
1383 3899 1500 3962 Notata
1516 3896 1623 3982 dimus

367 4001 464 4068 ’cum
477 4001 676 4084 Hiidigisleus
691 4005 949 4088 Hagbartizomsi·
1011 4015 1068 4082 est,
1084 4001 1117 4064 in
1144 4002 1275 4066 carmine
1305 4000 1425 4066 Eddico
1458 3997 1623 4087 Helgsquid·

198 4145 202 4155 ·
321 4106 515 4191 iipraiatum
527 4109 659 4170 dolenter
673 4107 801 4189 ruisset]
823 4095 953 4172 Sensum
1011 4107 1205 4192 Huudingsls
1218 4111 1246 4170 11
1260 4119 1315 4169 str.
1328 4105 1359 4188 2,
1374 4105 1396 4170 3
1410 4103 1623 4174 commemorari

322 4209 382 4272 ioci
397 4231 464 4296 pru
477 4213 569 4278 nimia
594 4213 743 4278 brevitate
766 4214 951 4278 obscurioris
1010 4213 1110 4280 virum
1132 4212 1269 4297 ejusdem
1292 4211 1358 4277 iere
1380 4217 1511 4278 nominis
1533 4213 1624 4278 Blindr

321 4311 363 4378 its
376 4317 623 4384 constituendum
635 4319 784 4383 arbitror:
802 4318 950 4383 Carminis
1011 4324 1062 4382 ina
1090 4323 1242 4392 Bauivisi,
1272 4319 1395 4382 nominc
1421 4321 1539 4384 scilicet
1566 4337 1623 4380 eum

321 4420 444 4506 quidem
465 4437 554 4488 tenor
571 4425 640 4488 tuiis
663 4439 747 4506 erut,
774 4437 808 4488 ut
829 4424 868 4488 de
886 4427 949 4488 lau·
1009 4416 1192 4509 ecgno‘miue
1217 4435 1409 4510 permutato,
1445 4443 1568 4510 eumque
1591 4420 1624 4482 si·

321 4521 411 4592 ddum
429 4531 565 4594 theonis
592 4517 761 4598 Siniandici
786 4517 877 4596 isoiie
907 4531 947 4594 ab
1010 4529 1097 4593 miles
1116 4528 1182 4593 iere
1202 4549 1309 4614 gerere
1329 4543 1446 4616 partes,
1460 4529 1531 4594 dum
1550 4529 1624 4611 jure·

320 4629 510 4696 sudientibus
523 4636 655 4723 intelligi
662 4652 781 4724 posset3
799 4636 946 4722 Hiidigis·
1007 4655 1078 4698 nem
1099 4633 1250 4722 quendam
1270 4637 1389 4720 regium
1407 4639 1519 4702 vestitu
1542 4633 1622 4698 sncii·

320 4735 385 4800 leus
399 4751 499 4801 sutem
513 4739 551 4805 de
565 4763 640 4825 vers
652 4741 778 4830 virginis
795 4743 946 4808 sententis
1008 4743 1065 4824 iuri
1084 4743 1229 4808 latentem
1243 4739 1369 4828 detegit.
