3506 5458
725 97 737 140 l

406 305 482 382 498
767 305 943 376 HISTOR.
963 306 1070 378 batt.
1083 305 1223 376 LIBER
1243 308 1286 376 X.

358 516 455 614 pioni
481 514 600 612 paruit
625 527 660 586 et
679 513 792 610 patria
810 517 954 610 potitus
970 529 1032 593 est
1093 515 1145 588 tte
1167 523 1307 602 autem,
1330 537 1483 612 quorum
1505 513 1634 590 savorem

359 639 538 736 impietate
565 651 808 726 contraxerat,
839 638 1029 710 sanctitatis
1054 640 1274 708 irritamento
1302 633 1385 708 odia
1408 636 1443 706 in
1463 660 1501 708 se
1519 655 1635 734 repente

360 761 549 856 trajiceret,
573 757 722 855 publice
739 757 961 832 dissimulata
982 757 1172 856 religione,
1202 760 1365 856 privatim
1383 758 1539 850 ealdbita,
1559 761 1635 856 pun

359 883 488 962 mentis
514 879 677 956 habitum
708 883 801 954 texit.
867 884 994 978 ltaque
1020 879 1153 952 diversi
1177 897 1296 956 motus
1321 880 1444 956 iisdem
1467 880 1635 979 precordiis
1703 879 1704 950 l

358 1003 495 1093 inclusi,
521 1027 661 1089 summa
677 1003 832 1076 formido
847 1028 890 1076 ao
905 1005 1122 1078 sanctissima
1140 1001 1299 1095 devotio,
1315 1010 1470 1078 animum
1486 1007 1557 1102 ejus
1570 1030 1634 1100 per·
1703 1021 1704 1074 t

359 1123 463 1224 plera
478 1128 701 1204 cunctatione
719 1125 927 1200 distractum
944 1125 993 1198 ad
1014 1125 1177 1200 ultimam
1191 1152 1296 1224 paene
1313 1125 1557 1202 hesitationem
1568 1126 1633 1200 red·

359 1269 512 1350 egeram.
570 1251 663 1326 Hinc
691 1252 785 1324 enim
813 1248 987 1347 perdendi
1004 1257 1120 1348 regni,
1152 1248 1235 1323 iude
1253 1248 1408 1322 laedendi
1423 1253 1564 1325 numinis
1575 1276 1633 1322 ne-

359 1391 416 1450 tas
431 1375 588 1473 pectoris
605 1375 683 1471 ejus
701 1373 958 1458 munimentum
980 1374 1125 1469 ancipiti
1145 1371 1309 1470 periculo
1328 1371 1540 1446 vulnerabat
1581 1377 1635 1444 Fa-

359 1496 485 1571 stiditae
499 1496 678 1595 siquidem
696 1495 877 1595 religionis
894 1494 1047 1568 ultorem
1067 1498 1198 1586 Deum,
1213 1494 1358 1592 plebem
1376 1493 1479 1566 culte
1496 1493 1634 1568 vindicem

360 1618 550 1692 metuebat
604 1622 694 1712 Quae
714 1637 785 1692 tam
802 1617 944 1691 dissona
960 1607 1076 1690 studia
1092 1624 1278 1692 attentiore
1300 1623 1406 1690 animi
1429 1621 1634 1716 comparatio-

360 1768 406 1814 ne
422 1741 639 1840 expendens,
663 1739 748 1840 plus
764 1741 872 1814 divini
886 1767 999 1839 quam
1013 1740 1161 1814 humani
1176 1744 1312 1814 timoris
1329 1740 1465 1814 viribus
1479 1739 1635 1836 indulgen-

360 1865 449 1942 dum
466 1863 633 1963 providit.
692 1867 861 1936 Privatim
889 1867 1011 1962 itaque
1035 1866 1194 1962 majores
1218 1867 1430 1962 aggressus¹
1457 1860 1636 1936 claudestina

359 1986 601 2064 admonitione
624 1991 734 2062 sacris
757 1987 883 2060 ritibus
898 1986 1077 2085 subjicere
1092 1986 1362 2086 perseverabat,
1395 1984 1575 2061 disserendi
1591 1983 1634 2055 os·

359 2111 492 2200 licium,
517 2109 620 2208 quod
635 2133 658 2180 a
672 2107 780 2182 literis
794 2108 1028 2206 doctrinaque
1044 2135 1119 2184 non
1135 2127 1298 2199 traxerat,
1323 2109 1408 2183 rudi
1425 2127 1528 2208 atque
1542 2112 1635 2203 impu-
1703 2127 1704 2148 ¹

359 2235 423 2312 lito
435 2233 579 2333 iugenio
594 2248 821 2332 prosecutus.
852 2229 952 2303 Adeo
967 2234 1200 2330 praeceptoris
1216 2248 1346 2330 partes,
1362 2257 1457 2330 quas
1475 2229 1595 2306 solertia
1607 2251 1635 2298 ac

360 2353 617 2432 wusvaudine
642 2381 772 2454 parum
806 2352 1019 2451 complexus
1046 2354 1185 2446 fuerat,
1223 2380 1245 2426 a
1276 2353 1473 2430 fundandae
1496 2353 1634 2450 ratgtous

361 2478 530 2579 cupidine
544 2478 786 2552 mutuabatur.
839 2479 971 2552 Verum
990 2477 1139 2551 medelae
1154 2475 1416 2568 salubritatem,
1436 2475 1485 2548 ab
1505 2471 1633 2546 incolumi

360 2606 478 2703 capite
496 2609 705 2700 quesitam,
729 2600 777 2673 ab
805 2599 914 2674 aridis
936 2616 1047 2699 atque
1070 2600 1339 2699 indignantibus
1364 2599 1532 2672 membris
1550 2595 1634 2667 arani

361 2725 536 2801 crederes
600 2727 728 2820 Neque
742 2723 836 2795 euim
854 2739 993 2796 amator
1018 2740 1177 2797 veterum
1198 2723 1364 2822 populus
1386 2722 1537 2796 docilem
1550 2721 1635 2790 inusi-

358 2855 439 2925 tatis
456 2853 615 2922 animum
637 2844 803 2944 praebere
822 2847 997 2919 sustinuit
1049 2850 1143 2939 Quin
1160 2852 1264 2920 etiam
1286 2848 1422 2920 externi
1436 2843 1547 2920 cultus
1560 2838 1636 2914 taetio

359 2974 517 3074 patrium
531 2966 718 3045 aemulatus
735 2983 797 3040 est.
855 2971 969 3068 Igitur
991 2968 1126 3068 cupido
1149 2968 1214 3043 sed
1240 2967 1411 3042 mefficaci
1430 2963 1575 3040 serenda
1592 2985 1635 3032 re-

358 3094 502 3194 ligionis
522 3093 659 3165 auctori
684 3090 839 3164 numinis
862 3095 916 3164 sui
935 3089 1131 3166 illustrator
1151 3095 1251 3166 Deus
1273 3096 1503 3189 Popponem,
1526 3085 1634 3183 ingenio

359 3241 403 3290 ac
429 3215 610 3290 sanctitate
627 3217 884 3311 conspicuum²
914 3217 1174 3313 praecipuaque
1190 3213 1376 3288 literarum
1391 3213 1530 3286 seimtia
1544 3203 1635 3282 excel·

358 3339 501 3430 lentem,
517 3331 683 3434 praeclari
703 3340 824 3433 operis
840 3351 1043 3412 consortem
1059 3335 1200 3434 adjecit.
1257 3337 1323 3408 Hic
1341 3337 1527 3408 Danorum
1541 3329 1636 3404 conei-

267 3445 270 3450 ⁵
358 3488 430 3537 oue
446 3459 595 3559 publice
611 3456 712 3558 apud
729 3473 893 3556 portum,
929 3460 988 3532 cui
1002 3457 1126 3558 glaciei
1155 3455 1378 3557 stequentia³
1408 3477 1636 3558 agnomenpe·

359 3586 462 3686 perit,
488 3581 624 3672 hahita,
648 3607 730 3656 cum
746 3607 820 3676 eos,
844 3609 891 3654 ne
908 3581 991 3654 fana
1008 3581 1174 3655 excolere
1189 3581 1331 3674 vellent,
1351 3607 1515 3656 sermone
1528 3578 1637 3652 flectere

235 3781 237 3788 .
357 3707 532 3806 nequiret,
556 3705 705 3780 evidenti
733 3705 862 3780 indicio
878 3707 1113 3780 certissimum
1136 3709 1318 3778 assertioni
1334 3727 1413 3778 sum
1427 3713 1636 3804 argumentum

357 3828 523 3929 praebuit,
550 3825 795 3924 doctrinaeque
809 3826 918 3904 fidem
936 3833 1133 3925 conspicuo
1149 3828 1336 3902 sancdtatis
1354 3827 1525 3902 miraculo
1537 3817 1634 3922 publi·

404 4135 560 4219 'Mujom
575 4132 748 4220 aggressus]
762 4133 894 4217 Maiores
918 4132 987 4196 beia
1046 4147 1188 4217 tempora
1208 4133 1336 4218 llaraldi
1352 4130 1556 4197 Caerulidentis
1570 4125 1603 4190 s'

357 4241 457 4306 denuo
478 4253 568 4305 uocat
589 4243 667 4304 Saxo
687 4259 830 4326 proceres
847 4252 878 4302 et
898 4259 985 4302 seua·
1045 4239 1168 4305 editum.
1209 4241 1305 4303 Plura
1326 4237 1364 4302 de
1384 4243 1533 4324 ,Pappoua
1550 4232 1599 4298 rid.
1614 4228 1636 4288 in

356 4361 441 4412 tores
464 4347 570 4430 requi,
599 4369 658 4432 qna
690 4348 810 4411 ratione
840 4345 984 4432 frequens
1044 4359 1109 4411 not.
1131 4346 1217 4410 uber.

356 4453 440 4518 vocis
454 4453 545 4538 hujus
561 4455 764 4518 illinamus.
782 4453 835 4534 (S)
1069 4455 1333 4540 *³Apudportum,
1354 4456 1403 4514 eui
1414 4447 1634 4535 glaebisque

402 4564 601 4648 ²Popponem
636 4607 658 4624 ..
693 4566 851 4624 sanctitate
870 4565 984 4646 consps'-
1045 4558 1103 4638 tia]
1118 4562 1249 4622 Portum
1269 4557 1421 4622 &tandin
1440 4541 1635 4618 tumuisti·

292 4730 297 4744 ,
358 4663 456 4744 auum]
469 4667 627 4731 antonias
648 4663 843 4735 warenna
858 4662 985 4728 aaran.
1045 4665 1130 4749 ugn,
1152 4663 1298 4728 stratone
1327 4662 1366 4727 aa
1387 4664 1515 4750 prtem
1534 4647 1634 4718 nonni

357 4766 437 4830 ensis
464 4769 584 4836 suffieit
614 4770 884 4857 adprobandum,
914 4788 984 4856 spe-
1042 4781 1163 4855 partem
1187 4769 1278 4836 laeta.
1312 4769 1431 4838 Glacies
1456 4766 1531 4832 naim
1548 4755 1635 4824 nutris

357 4875 508 4936 cuculum
524 4873 620 4940 hoece
632 4877 793 4940 mirificum
813 4875 894 4942 haud
908 4889 981 4962 post
1043 4875 1218 4941 diciturln.
