3476 5460
682 315 858 386 multu.
1294 311 1367 388 425

112 523 331 623 piendorum
357 524 539 600 fluctuum
562 527 674 626 gaia
705 520 904 623 perducere
927 519 1136 612 laborabat,
1172 520 1421 598 blandimentis

110 651 232 722 teitaus¹
266 645 515 745 illecebrisque
545 648 640 747 gulae
667 645 818 722 cautelas
850 651 1082 726 constantiam
1106 643 1238 720 elidere
1264 646 1420 744 cupiens.

111 767 313 844 Adversum
338 793 429 869 quas
443 768 585 844 iusidias
599 795 661 843 rex
677 767 874 863 Thorlrillo,
899 785 939 844 ut
951 772 1064 869 prius,
1089 783 1235 842 auctore
1249 767 1423 857 bustu,

111 893 289 970 simulate
312 891 539 966 humanitatis
565 891 779 990 obsequium
798 896 950 991 sprevit,
981 891 1104 966 utendi
1123 891 1423 966 excusationema
1557 990 1560 998 Ι

111 1012 312 1090 munerandi
329 1015 457 1087 itineris
470 1017 613 1113 negotio
629 1031 820 1090 mutuatus.
872 1018 986 1115 Cujus
1002 1011 1198 1112 prudentia
1213 1014 1423 1086 Guthmun-

109 1136 185 1209 dus
207 1138 363 1210 suumin
386 1134 554 1210 omnibns
571 1141 718 1214 cessisse
738 1137 979 1229 considerans,
1000 1161 1065 1236 spe
1082 1134 1294 1236 peragendae
1317 1135 1423 1208 frau-

110 1258 169 1332 dis
194 1259 345 1356 abjecta,
361 1274 507 1333 cunctos
530 1261 565 1330 in
589 1259 795 1338 ulteriorem
810 1263 964 1339 lluminis
985 1263 1102 1360 ripam
1119 1273 1335 1334 transvectos
1358 1259 1423 1330 iter

109 1387 242 1480 exequi
258 1404 386 1479 passus
406 1395 469 1456 est

143 1601 146 1606 Ι
246 1506 431 1603 Progressi
448 1519 566 1578 atrum
587 1504 834 1607 incultumque
858 1507 1047 1608 oppidum,
1069 1505 1255 1602 vaporanti
1273 1507 1424 1578 maxime

111 1625 205 1700 nubi
222 1626 355 1719 simile,
380 1623 479 1700 haud
504 1627 633 1724 procul
656 1629 782 1706 abesse
805 1645 1044 1731 prospectant.
1106 1627 1181 1701 Pali
1204 1651 1422 1727 propugna-

110 1747 205 1822 culis
221 1751 363 1821 intersiti
379 1746 523 1825 desecta
538 1755 698 1824 virorum
722 1757 840 1852 capita
853 1751 1102 1850 praeferebant.
1152 1751 1305 1822 ¹Eximiae
1321 1749 1423 1821 lero·
1533 1825 1536 1838 ,

112 1871 228 1944 citau'a
244 1895 348 1944 cauea
367 1886 505 1946 tuentes
519 1871 651 1946 aditum
668 1901 744 1974 prae
764 1875 903 1948 foribus
917 1853 1097 1949 excubare
1113 1877 1301 1970 conspecti.
1327 1874 1423 1962 Qui·-

111 1991 188 2066 bus
209 1989 418 2066 Thorlrillus
438 2017 550 2068 comu
571 1996 762 2070 abdomine
791 1996 917 2070 illitum
943 1995 1256 2072 collumbendum²
1290 1995 1424 2093 objici·-

110 2139 191 2210 ens‚
215 2117 493 2190 incitatissimam
515 2117 651 2192 rabiem
672 2118 824 2216 parvula
844 2121 1012 2220 mitigavit
1035 2123 1207 2218 impensa.
1265 2119 1425 2218 Superue

112 2253 304 2338 portarum
321 2241 483 2314 introitus
498 2242 621 2340 patuit.
673 2243 788 2334 Quem
803 2241 908 2316 scalis
925 2259 1120 2342 aequautes,
1145 2241 1261 2314 arduo
1273 2246 1442 2338 portua--

111 2378 176 2434 tur
193 2365 366 2462 ingressu.
426 2369 520 2438 sue
542 2361 681 2437 densus
704 2363 941 2461 informesque
962 2363 1070 2438 larvae
1092 2363 1331 2438 conferseraut
1355 2387 1425 2436 ur-

111 2483 221 2576 bem,
256 2471 411 2582 marum
428 2502 688 2585 perstrepentes
709 2490 880 2587 imagines
896 2491 1053 2584 aspicere
1077 2484 1256 2560 horridius
1281 2509 1328 2556 au
1351 2507 1425 2558 au-

112 2605 192 2680 dire
206 2605 319 2698 suerit,
335 2609 489 2701 nescias;
526 2607 624 2683 ioeda
644 2613 775 2698 omnia,
800 2606 1039 2708 putidumque
1057 2633 1202 2682 coenum
1218 2606 1425 2682 adeuntium

112 2753 221 2804 nares
236 2729 447 2804 intolerabili
465 2730 578 2806 halitu
595 2733 776 2833 fatigabat.
835 2731 974 2805 Deinde
988 2730 1158 2806 conclave
1174 2755 1341 2822 saxeum,
1367 2733 1426 2804 cui

113 2852 319 2926 Gerutbum
336 2854 435 2961 fama,
448 2873 524 2930 erat
538 2878 606 2953 pro
622 2857 720 2952 regia
745 2859 959 2946 assuevisse,
983 2860 1173 2954 reperiunt.
1230 2857 1345 2954 Cujus
1361 2878 1425 2927 ar-

113 2993 214 3050 ctam
243 2974 535 3078 horrendamque
566 2975 783 3077 crepidinem
815 2980 966 3052 invisere
992 2993 1199 3068 statuentes,
1237 2977 1426 3074 represssis

111 3097 291 3200 gradibus
314 3101 349 3170 in
374 3101 453 3198 ipso
472 3117 642 3198 parentes
670 3099 766 3174 aditu
783 3103 1024 3176 constiterunt
1084 3102 1186 3174 Tunc
1208 3097 1426 3187 Tborkillue

112 3220 293 3296 hscremm
316 3227 434 3295 animo
458 3226 764 3321 circumspiciens,
789 3226 1046 3296 cunctationem
1063 3227 1223 3298 introitus
1239 3222 1328 3296 virili
1353 3219 1425 3294 ad·
1454 3219 1459 3236 “

113 3343 319 3418 hortatione
335 3345 517 3438 discussit,
542 3369 701 3437 monens,
717 3362 975 3446 temperaturos
996 3346 1080 3436 sibi,
1105 3371 1151 3418 ne
1166 3343 1277 3418 ullam
1296 3345 1427 3416 meun-

114 3465 176 3539 dm
199 3464 287 3540 aedis
314 3467 618 3567 suppellectilem,
649 3471 786 3542 tametsi
811 3491 980 3566 possessu
1011 3467 1170 3566 jucunda
1214 3484 1276 3542 aut
1312 3464 1427 3542 oculis

114 3606 220 3693 grata
249 3588 447 3683 rideretur,
486 3593 713 3690 attingerent,
755 3594 966 3689 animosque
993 3605 1064 3662 tam
1088 3589 1136 3662 ab
1161 3592 1259 3662 omni
1283 3590 1428 3664 aranda

115 3735 265 3786 aversos
291 3737 401 3810 mam
432 3731 567 3788 ametu
584 3730 738 3786 remotos
758 3712 950 3805 haberent,
982 3736 1100 3811 neque
1126 3711 1183 3786 vel
1202 3727 1311 3810 captu
1335 3733 1427 3785 sua-

115 3842 177 3912 via
195 3841 495 3935 concupiscerent
510 3837 569 3911 vel
601 3853 761 3936 spectatu
776 3835 922 3910 horrida
939 3834 1187 3926 formidarent,
1218 3859 1427 3934 quanquam

117 3963 153 4032 in
176 3983 318 4033 summa
342 3958 529 4057 utriusque
555 3961 607 4032 rei
631 3959 746 4032 forent
769 3962 871 4058 copia
898 3960 1079 4033 cessaturi.
1154 3963 1246 4030 Fore
1267 3961 1372 4043 enim,
1389 3969 1428 4026 ut

118 4079 236 4158 avidae
259 4077 421 4178 capiendi
447 4107 573 4154 manus
593 4081 712 4155 subita
737 4109 847 4156 nexus
872 4084 1105 4182 pertinaciae
1129 4107 1169 4153 re
1193 4095 1284 4154 tactu
1308 4073 1426 4150 divelli

118 4207 311 4304 nequirent
344 4219 378 4276 et
408 4195 510 4302 quasi
537 4203 765 4276 inextricabili
802 4231 886 4278 cum
911 4203 970 4276 illa
1004 4201 1145 4276 viuculo
1173 4201 1428 4276 nudarentur&

169 4479 393 4562 'll'isus]i'oit.
405 4481 465 4564 leg.
479 4486 567 4543 uisus.
586 4479 675 4566 (ng.)
807 4477 880 4557 420,
898 4478 954 4542 nisi
975 4480 1007 4542 in
1028 4479 1167 4543 omnibus
1187 4481 1278 4544 terris
1299 4493 1330 4544 et
1355 4503 1428 4564 qua-

168 4593 295 4653 ²Comu
323 4589 472 4650 abdomine
499 4589 603 4650 silitum
632 4591 750 4651 collata·
809 4586 851 4648 vis
877 4597 967 4650 {etate
990 4598 1097 4649 notum
1123 4600 1211 4664 esset,
1231 4603 1319 4650 canes
1338 4587 1428 4651 simili

122 4692 258 4775 bendum]
274 4691 436 4758 Crederem
449 4693 499 4754 bic
511 4693 620 4777 respici
640 4693 678 4757 ad
700 4691 748 4757 ol'·
804 4691 923 4754 ratione
940 4712 1028 4776 posse
1047 4691 1220 4756 demulceri.

122 4803 186 4867 lam
205 4801 296 4864 melle
315 4811 503 4884 soporatam,
523 4805 648 4864 Marone
669 4814 747 4864 teate
849 4801 1073 4862 ³Inaatn'cubili
1094 4843 1117 4860 ..
1144 4803 1258 4863 oincuio
1286 4801 1426 4865 nodaren-

123 4909 278 4992 objcctam
297 4905 443 4984 Cerbero,
465 4905 582 4971 AEueid.
595 4906 647 4970 lib.
663 4911 705 4973 Vl
720 4929 746 4970 r.
802 4902 864 4985 aar]
894 4904 1010 4968 Similia
1037 4904 1176 4991 quasdam
1214 4902 1310 4970 all'ert
1342 4903 1428 4968 lidda
