3520 5462
369 313 442 392 140
713 311 887 386 ttts‘rott
903 309 1158 382 nattutsstt
1173 311 1228 382 lli.

316 544 368 600 1⁰¹⁸
392 549 486 624 ‘luos
509 522 598 598 f⁰¹¹i0
621 519 768 620 quidem
798 519 949 596 Amletlti
980 517 1187 598 collameus¹
1209 517 1347 612 adeat,
1373 517 1524 616 setrius
1538 516 1622 590 uni-

316 675 377 724 mo
403 646 565 722 nondum
585 647 690 721 sociae
710 644 924 720 educationis
939 659 1120 741 respectus
1132 641 1316 716 exciderat
1367 643 1433 716 tlte
1455 639 1622 739 preteriti

316 773 495 846 convietus
533 769 738 840 memoriam
774 769 939 867 praescnti
969 767 1116 864 imperio
1151 779 1385 864 anteponens,
1413 755 1636 836 smtethum'

315 896 403 967 iuter
426 891 616 992 deputatos
643 891 808 966 comites²
835 889 1028 966 insuueodi
1057 889 1174 986 pon'us
1203 913 1314 987 quam
1331 883 1519 964 insidiandi
1535 897 1620 958 sttr-

314 1015 375 1090 dio
399 1011 703 1113 prosequebatur,
724 1013 826 1112 quod
851 1038 934 1086 curn
959 1010 1080 1084 ultima
1109 1035 1300 1108 passurum
1325 1037 1398 1088 non
1429 1007 1620 1099 dubietur,

315 1142 344 1213 si
367 1136 423 1212 vel
438 1134 619 1210 modicum
634 1138 760 1210 sensati
773 1137 898 1208 animi³
926 1133 1090 1208 indicium
1106 1137 1325 1233 praeh'uisset,
1348 1135 1500 1208 maxime
1520 1153 1620 1224 vem,

313 1261 509 1336 siveneris
542 1256 662 1356 pelam
685 1256 795 1336 rebus
824 1272 986 1332 umretun
1058 1257 1165 1351 Quod
1190 1259 1258 1359 ipsi
1280 1283 1430 1357 quoque
1452 1251 1620 1328 Amletho

313 1381 510 1458 obscurum
525 1407 598 1454 uon
617 1380 689 1453 luit
742 1383 889 1477 Equum
903 1378 1078 1478 siquidem
1100 1381 1336 1456 conscendere
1349 1383 1491 1480 jussm,
1513 1378 1618 1450 itasc

313 1504 360 1579 de
382 1506 517 1578 murice
538 1502 708 1578 industria
730 1489 949 1592 collocavii⁴,
979 1518 1019 1576 ut
1041 1527 1148 1576 suurn
1178 1504 1290 1600 ipsius
1314 1502 1441 1577 cervici
1465 1499 1618 1575 dorsum

312 1627 499 1702 obvertens
528 1624 678 1702 adversa
712 1623 864 1700 caudam
890 1623 1001 1702 fronte
1016 1641 1195 1723 spectaret
1255 1629 1372 1719 Quam
1389 1623 1496 1698 frenis
1510 1645 1615 1721 quo-

312 1775 385 1848 qne
400 1745 586 1846 complecti
601 1750 716 1846 coeptt,
741 1747 889 1846 perinde
902 1763 1010 1847 atquc
1025 1773 1067 1820 ea
1079 1764 1179 1845 parte
1195 1748 1326 1820 ruentis
1341 1751 1424 1844 equi
1442 1751 1616 1844 impetum

312 1871 568 1946 ruodmannus.
619 1874 700 1964 Qua
727 1875 861 1946 astutiae
874 1869 1095 1945 meditatione
1110 1871 1226 1968 patrui
1243 1885 1483 1944 commentum
1498 1865 1618 1953 illuu‘t,

310 1993 450 2067 insidias
467 1996 688 2094 expugnavit.
746 1992 947 2068 Ridiculum
961 1993 1042 2065 satis
1058 1991 1301 2090 spectaculum
1317 1993 1394 2086 suit,
1410 2015 1496 2067 eum
1506 1987 1618 2074 iden,

310 2117 460 2190 lubente
479 2139 614 2214 expers,
635 2131 776 2215 regente
791 2115 944 2190 caudam
962 2139 1100 2192 sessore
1118 2131 1351 2214 procurreret.

316 2299 320 2308 .
442 2237 639 2312 Procedens
667 2237 867 2331 Amlethus,
903 2244 987 2312 cum
1015 2237 1162 2316 obvium
1197 2240 1284 2312 inter
1312 2237 1455 2312 arbusta
1482 2231 1614 2333 lupum

302 2360 498 2454 *debusset
516 2361 703 2436 comitibus
719 2363 895 2435 tenerioris
917 2363 1023 2434 aetatis
1039 2385 1176 2470 equum
1192 2361 1389 2434 occurrisse
1404 2356 1617 2448 umbus,

309 2507 510 2582 perpaucos
539 2483 749 2584 hujusmodi
776 2487 811 2556 iu
833 2485 1007 2584 Fengouis
1028 2507 1137 2585 grege
1167 2481 1314 2556 militare
1342 2482 1535 2582 subjunxit,
1573 2493 1613 2550 ut

309 2605 479 2701 modesto,
505 2610 551 2680 ita
566 2607 678 2682 faceto
694 2607 948 2707 imprecationis
970 2607 1117 2706 genere⁵
1139 2606 1257 2706 patrui
1279 2605 1414 2680 diuitias
1431 2605 1610 2701 insequu-

317 2914 321 2920 ·
354 2882 511 2945 'enecti
547 2881 715 2966 collacteam]
758 2885 929 2948 collacteus
1030 2887 1103 2946 ‘De
1127 2887 1235 2947 eet-uico
1261 2883 1408 2946 industria
1440 2874 1609 2958 minent]

308 2983 388 3048 idem
403 2997 469 3064 ast,
500 2985 554 3070 qui
570 2989 783 3068 collectaneus,
803 2989 856 3074 qui
879 2987 928 3051 iit-
985 2988 1167 3075 stephanius
1180 2989 1451 3069 omititceroieemt
1463 2983 1609 3050 latinitati

295 3089 377 3170 elem
397 3090 534 3159 ttttttttmitt
553 3105 600 3157 est
619 3096 762 3176 nutritus,
781 3094 836 3180 qni
858 3113 928 3158 een·
985 3095 1166 3160 consuleret.
1254 3110 1257 3120 “

216 3232 220 3248 1
306 3195 378 3260 dem
390 3196 539 3262 nutricem
552 3198 640 3264 simul
653 3200 740 3282 bittit¹
760 3201 839 3264 etin
852 3219 932 3264 nexu
1029 3206 1160 3280 ‘tame
1175 3206 1389 3290 inprecationis
1398 3196 1519 3286 mne]
1534 3200 1609 3262 Ant·

307 3303 515 3388 germanitatis
542 3305 631 3370 timul
656 3307 778 3372 coaluit.
798 3303 847 3388 (S)
867 3310 928 3370 Ile·
984 3306 1084 3371 lethus
1111 3307 1191 3371 enim
1221 3325 1279 3392 per
1311 3299 1468 3388 ὃξὺμωρον
1495 3317 1608 3394 patruo

305 3409 424 3493 peritur·
444 3409 624 3474 vocabulum
643 3411 725 3498 apud
738 3411 923 3476 Marcianum
982 3435 1038 3478 suo
1066 3413 1220 3500 Fengoni‚
1254 3409 1447 3478 interfectori
1470 3409 1607 3498 parentis

305 3513 461 3599 Capellam
475 3515 528 3580 lib.
542 3515 559 3580 1
572 3539 603 3602 p.
618 3515 655 3582 32
678 3523 795 3584 Soron)
806 3521 869 3602 ejus
882 3522 927 3580 in·
983 3521 1039 3597 sui,
1057 3519 1242 3604 imprecatur
1260 3539 1323 3582 nou
1341 3519 1441 3582 solum
1462 3518 1606 3603 luporum

304 3621 428 3684 discreto
435 3623 550 3708 soedere
571 3627 719 3690 collactea.
981 3643 1104 3709 gregem
1116 3623 1233 3708 aliaque
1246 3624 1334 3688 noxie
1353 3623 1512 3705 animalia,
1536 3645 1607 3710 qnae

349 3731 454 3791 ²Inter
465 3729 621 3814 deputatos
633 3731 763 3816 comites]
773 3737 924 3821 Deputare
977 3743 1009 3793 et
1023 3729 1122 3816 ipsunt
1142 3741 1173 3792 et
1195 3727 1344 3816 quidquid
1365 3727 1536 3815 possideret
1551 3749 1607 3815 pe·

303 3829 454 3898 interdum
472 3845 559 3897 notat
582 3841 743 3921 assignare.
784 3838 924 3902 Solinust
979 3853 1084 3899 corum
1092 3835 1608 3922 armentorumquetantarentlaa-

301 3941 429 4027 Propter
442 3941 503 4002 dees
524 3945 722 4028 imperatricis
741 3949 853 4031 superas
869 3949 924 4008 lu·
979 3941 1117 4030 uiuerent
1163 3938 1360 4028 funditusque
1377 3965 1383 3975 ’
1401 3941 1606 4022 mvutarent,

301 4049 423 4108 rtunrtits
437 4047 567 4119 duntur,
586 4064 616 4110 et
625 4068 751 4136 propter
768 4055 925 4136 purech·
979 4046 1033 4110 scd
1054 4059 1086 4110 et
1113 4046 1243 4132 quodvis
1261 4048 1395 4134 entium,
1418 4051 1481 4116 imo
1505 4062 1605 4114 extre·

299 4153 434 4214 bruerias
449 4154 726 4236 qnast'obominosus
743 4156 800 4218 din
820 4158 923 4241 anseris
977 4175 1057 4220 mam
1075 4152 1220 4240 inopiam.
1273 4159 1427 4220 Hactenus
1440 4155 1605 4242 stephani-

298 4257 466 4346 deputatur.
486 4254 537 4338 (S)
557 4256 706 4342 Sulpicius
721 4262 849 4324 Severus
866 4260 920 4323 lib.
977 4282 1020 4324 us.
1061 4259 1115 4324 Ille
1136 4260 1231 4346 igitur
1238 4287 1404 4351 perpaucos
1418 4263 1604 4350 iutoeprete·

298 4365 325 4424 ll
350 4383 416 4450 esp.
437 4361 472 4428 lt
499 4367 563 4426 Rex
581 4381 764 4430 accusatores
784 4369 922 4455 deputari
974 4379 1024 4432 tus
1038 4377 1084 4430 est
1096 4372 1182 4432 mne
1195 4393 1320 4454 paucos,
1340 4390 1400 4456 qua
1416 4367 1452 4432 in
1469 4387 1505 4432 re
1518 4367 1605 4432 ’Πιο-

297 4470 425 4536 teont'bus
432 4476 581 4558 precepit.
976 4495 1055 4537 mam
1069 4473 1285 4556 thysmerum
1303 4473 1538 4560 epitomatorem
1548 4477 1603 4540 Sa-

343 4573 599 4658 ³Sensatinntint]
618 4581 759 4644 Senectus
773 4592 819 4646 est
833 4599 921 4644 sensu
974 4582 1060 4645 xouis
1110 4577 1169 4643 sibi
1220 4577 1461 4645 consentientem
1507 4579 1606 4646 hebet

298 4677 411 4759 velens,
424 4679 607 4766 intelligens,
622 4683 918 4768 prudens3110hro·
975 4685 1104 4772 (script.
1119 4707 1179 4749 rer.
1191 4689 1270 4748 Deo.
1285 4689 1312 4750 11
1329 4710 1361 4772 p.
1374 4683 1462 4769 301).
1509 4689 1605 4752 Com·

298 4785 355 4846 nic.
377 4781 398 4847 2
417 4807 445 4848 v.
467 4784 522 4852 tta
567 4791 672 4852 Filium
697 4798 855 4878 rapientem
888 4809 916 4855 et
971 4793 1140 4858 modiorum
1166 4791 1227 4854 loci
1257 4791 1390 4878 ambigui
1417 4794 1605 4879 interpreta-

296 4891 440 4954 erudt'tum
451 4908 631 4956 etsensetutn
645 4913 731 4980 etque
738 4897 917 4983 prudentem.
974 4899 1088 4963 tionem
1102 4918 1165 4963 non
1181 4895 1278 4962 video.
1755 4893 1756 4980 l

1755 5089 1756 5124 l

1755 5141 1756 5168 l

1755 5225 1756 5252 l

1755 5289 1756 5344 l
