3506 5458
402 307 475 376 518

736 305 911 376 HISTOR.
929 305 1034 376 DAN.
1050 303 1188 376 LIBER
1206 306 1259 426 ll.=

352 511 563 586 uerolentiae
594 523 714 612 specie
747 516 1020 614 suppressisset,
1052 537 1228 613 spemque
1259 515 1339 612 ejus
1368 537 1459 590 rano
1489 537 1624 589 1111111111

351 633 560 732 protrahere
575 637 756 732 potuisset.
806 636 971 710 Secundo
985 661 1135 736 quoque
1148 645 1226 738 pori
1241 641 1378 714 nuncio
1390 653 1539 733 accepto,
1551 661 1624 708 oon·

352 759 524 832 cionautis
539 773 673 830 metum
707 759 879 833 consimili
905 759 1139 835 allirmatione
1161 761 1336 836 discussit.
1395 763 1484 832 Tum
1507 757 1624 831 dentum
1709 741 1710 766 ¹

352 878 487 953 Olavus
503 885 732 954 assertionem
753 883 833 978 ejus
862 885 1065 982 suspicione
1089 887 1286 974 insecutus,
1307 885 1472 957 emissum
1495 886 1527 952 in
1551 879 1625 953 littus

351 1003 609 1101 speculatorem
634 1001 822 1100 explorare
843 1004 967 1103 jubet,
1000 1009 1207 1081 Canutusne
1232 1019 1338 1098 esset,
1369 1029 1413 1076 an
1446 1005 1625 1100 negociato-

351 1151 429 1198 rurn
450 1125 561 1222 aliqui
579 1129 749 1199 venientis
765 1129 938 1202 exercitus
955 1135 1113 1228 speeiem
1129 1129 1378 1230 praebuissent.
1421 1129 1499 1218 Quo
1512 1149 1626 1196 reverso

351 1264 463 1344 seque
488 1245 655 1344 frequens
681 1247 795 1322 classe
814 1247 965 1348 pelagus
988 1254 1217 1350 prospexisse
1242 1249 1472 1350 perhibente,
1493 1247 1626 1320 contiuuo

350 1391 472 1440 senem
486 1367 660 1441 mendacii
675 1367 848 1443 damnans
865 1369 1086 1470 colloquium
1101 1372 1214 1448 solvit.
1264 1370 1328 1444 Ille
1345 1370 1564 1444 nihilominus
1577 1393 1627 1442 re-

350 1515 387 1562 ru
404 1517 444 1562 se
460 1495 578 1564 omnia
594 1489 755 1565 retulisse
772 1491 1000 1588 contendens,
1019 1519 1082 1569 eos
1098 1493 1292 1569 adventare
1308 1492 1463 1582 dicebat,
1484 1517 1504 1564 a
1521 1491 1627 1590 quibus
1711 1585 1712 1592 ἶ

351 1615 503 1685 Daniam
521 1613 617 1686 ferro
640 1639 852 1714 comparare
879 1623 960 1714 quis
987 1635 1114 1717 posset.
1183 1616 1329 1709 Olavus,
1353 1621 1414 1690 rix
1435 1615 1517 1713 fuga
1531 1617 1628 1706 usus¹,

352 1739 521 1832 pertinaci
533 1741 680 1836 remigio
698 1744 829 1811 sociam
845 1743 970 1839 repetit
985 1738 1145 1814 classem.
1174 1737 1333 1814 Subinde
1347 1741 1627 1834 Canutusportun

351 1856 464 1931 classe
478 1858 697 1955 complexus,
706 1864 839 1935 victum
853 1860 978 1937 labore
996 1866 1166 1961 remigem
1180 1877 1352 1935 nocturna
1361 1863 1482 1959 quiete
1496 1859 1627 1932 firmarit

352 1979 419 2052 Ubi
436 1979 483 2051 ab
498 1981 634 2072 incoliS,
650 1983 855 2057 Omundum
881 1991 1032 2059 terrestri
1057 1990 1197 2083 agmine
1211 1984 1382 2074 Scaniam,
1402 1980 1562 2056 Ulvouem
1576 2005 1628 2052 na·
1712 2047 1713 2056 ,

351 2100 423 2173 vali
438 2102 589 2178 fluvium
597 2102 745 2204 Helgam
761 2130 968 2205 occupasse,
984 2111 1177 2204 cognoscit.
1230 2109 1312 2204 Ipse
1327 2107 1438 2203 igitur
1454 2103 1628 2177 Omundum

351 2226 490 2322 excipit,
516 2225 663 2302 classem
679 2227 727 2302 ad
742 2229 1009 2328 opprimendos,
1024 2234 1085 2328 qui
1107 2226 1155 2300 ad
1172 2251 1311 2300 amnem
1327 2227 1548 2325 appulerant,
1563 2229 1628 2296 mit·

351 2350 401 2442 tit.
461 2355 491 2420 A
508 2375 583 2448 quo
600 2375 686 2423 cum
703 2355 848 2425 navium
862 2352 975 2427 duces
1002 2351 1209 2425 Omundum
1233 2347 1332 2448 apud
1356 2351 1522 2448 Stangam
1544 2373 1628 2420 mou·

351 2477 442 2542 tem²
462 2475 587 2572 insigni
598 2497 720 2571 pugna
736 2471 930 2548 obrutum³
953 2477 1215 2572 comperissent,
1239 2474 1307 2570 ipsi
1331 2495 1482 2570 quoquc
1500 2485 1628 2544 cousen-

398 2759 406 2790 ¹
423 2755 535 2817 Olnvus
549 2761 600 2816 orie
608 2755 692 2839 suga
705 2751 787 2834 usus]
810 2759 885 2818 Haec
905 2777 973 2818 nar·
1033 2753 1102 2818 dem
1115 2744 1257 2840 leguntur
1273 2754 1305 2816 in
1322 2753 1471 2817 chronico
1488 2752 1627 2837 rhythmico

350 2855 429 2920 ratio
444 2855 481 2920 da
500 2859 636 2922 sollertia
658 2861 791 2946 Haquini
823 2875 854 2927 et
877 2875 975 2929 astuta
1031 2864 1149 2924 minore
1175 2858 1261 2942 (ibid.
1285 2879 1316 2943 p.
1336 2857 1424 2942 957).
1473 2860 1629 2924 Observare-

350 2966 428 3026 senis
438 2967 688 3030 sermocinatione
695 2987 729 3030 ex
742 2969 890 3032 cantilena
902 2988 976 3053 qua·
1032 2980 1106 3030 runt
1124 2966 1255 3030 editores
1273 2967 1460 3051 scriptorum
1472 2983 1564 3028 rerum
1576 2965 1630 3028 611·
1714 3011 1715 3030 1

350 3070 418 3132 dam
433 3073 575 3156 populari
595 3071 731 3137 desumto
750 3073 824 3136 mibi
847 3074 975 3140 videtur.
1035 3075 1185 3138 alearumr
1226 3075 1392 3156 &gendum
1424 3075 1488 3136 Sta.
1522 3071 1628 3154 Capella·

349 3179 426 3240 Nara
440 3191 471 3240 et
484 3179 612 3242 ambitus
628 3193 658 3242 et
674 3193 763 3244 tenor
783 3182 976 3262 narrationis,
1033 3178 1102 3242 bro.
1140 3181 1263 3242 Sedueti
1273 3183 1407 3242 lineolam
1425 3179 1571 3266 11111811.
1587 3199 1629 3262 pro

351 3305 419 3370 quae
434 3295 464 3346 et
479 3283 517 3347 ad
539 3300 660 3368 gustum
682 3287 781 3372 plebis
806 3309 975 3352 accommo-

350 3387 419 3451 data
441 3403 506 3453 erat
526 3403 557 3452 et
579 3413 643 3453 rem
656 3406 771 3476 gestam
789 3394 889 3456 viride
907 3396 975 3478 pin·

350 3483 458 3582 gebat,
475 3496 507 3559 in
525 3499 615 3560 talem
630 3499 810 3562 cantilenam
830 3499 907 3562 bene
926 3520 974 3562 ca·

350 3601 433 3663 dunt.
474 3605 542 3664 Non
553 3605 661 3666 mirum
681 3618 736 3684 est,
755 3605 900 3686 islandos,
923 3605 976 3690 qui

350 3710 450 3772 omnia
473 3709 666 3773 inhonorem
683 3713 773 3777 Olari
794 3727 912 3776 vertere
926 3733 975 3775 ao-

349 3817 395 3878 iiti
416 3829 524 3894 essem,
540 3815 577 3879 de
593 3815 650 3879 bac
672 3820 828 3896 concione,
848 3841 905 3906 qua
922 3817 974 3882 de·

348 3922 430 3984 lusus
448 3920 553 3986 fuisset
568 3925 691 4003 Oleros,
704 3927 842 3988 tacuisse.

391 4033 505 4116 ²Apud
521 4034 664 4114 Staugum
679 4031 815 4110 montem]
834 4035 867 4093 ln
888 4043 968 4094 cata·

347 4134 420 4218 logo
433 4155 537 4218 regum
547 4137 796 4221 Sveciae(Seript.
811 4157 870 4198 rer.
882 4140 969 4200 Svee.

349 4243 407 4303 rol.
428 4241 537 4302 lSect.
560 4243 586 4302 ll
612 4263 642 4325 p.
665 4233 700 4321 tl)
724 4241 790 4304 haec
810 4242 973 4326 leguntur:

346 4350 488 4411 Eanrmdc'r
507 4351 624 4410 ,iterator
650 4375 713 4412 carra
735 4355 861 4411 exercitu
879 4354 972 4410 intra·

346 4457 388 4512 ait
411 4455 556 4514 Scantiam.
615 4457 704 4538 Quod
730 4457 851 4517 audam
875 4459 968 4524 Knut,

346 4559 441 4620 dictus
453 4559 534 4631 rt'ku„
543 4565 620 4620 nttst't
634 4561 670 4622 de
682 4565 794 4644 Anglt'a
809 4561 969 4646 UlffSpra·

344 4662 442 4742 loleg,
452 4684 587 4742 generum
599 4689 694 4738 aarum,
701 4671 902 4748 commissoque
909 4665 966 4724 tet-

345 4767 373 4824 lo
390 4769 493 4826 ceetdt't
511 4773 652 4830 Mandri
675 4778 704 4832 in
723 4789 813 4858 ponte
840 4771 963 4852 quodam

343 4871 467 4938 Scartr'oe,
487 4877 538 4950 qut'
553 4875 741 4960 Stangapelle
750 4879 866 4938 dr'ct'tar.
908 4877 968 4935 Ea*

1032 3304 1103 3348 noto
1127 3306 1146 3346 11
1176 3288 1309 3367 legerant
1330 3287 1459 3358 lr'brarr't',
1478 3303 1506 3348 et
1530 3281 1628 3344 1111111

1032 3409 1186 3452 servarunt
1219 3395 1305 3452 t'stam
1348 3393 1484 3452 loreolam
1523 3390 1629 3452 addetum

1032 3520 1093 3557 esse
1102 3541 1115 3567 ,
1142 3512 1175 3556 at
1196 3501 1368 3582 exprimeret
1400 3497 1518 3558 Sancta.
1573 3493 1629 3551 ttae

1033 3599 1205 3663 observatio
1232 3601 1327 3683 magis
1357 3613 1446 3662 acuta
1468 3621 1552 3684 1111111
1576 3613 1629 3655 1111

1032 3707 1106 3770 mihi
1123 3705 1249 3770 ridetur.
1290 3710 1395 3790 Neque
1412 3707 1492 3768 euim
1505 3709 1575 3769 saro
1592 3717 1630 3760 ne

1031 3831 1090 3896 que
1099 3824 1188 3874 autor
1196 3811 1330 3874 chronici
1338 3809 1629 3894 rhythmicisuaexlr·

1032 3918 1134 3981 ctione
1148 3916 1260 3980 codicis
1279 3917 1446 4001 cujusdam,
1471 3917 1521 3980 sed
1541 3935 1571 3978 ex
1589 3929 1629 3974 ort

1027 4024 1137 4108 popuii
1159 4025 1328 4088 hauserant.
1390 4027 1469 4122 Quae
1498 4043 1563 4085 vero
1588 4035 1628 4080 ort

1027 4129 1135 4214 populi
1159 4130 1336 4210 traduntur,
1361 4153 1423 4194 non
1454 4127 1577 4216 pendent
1600 4122 1628 4184 ab

1027 4256 1131 4300 errore
1149 4238 1238 4322 hujus
1254 4239 1299 4302 rel
1320 4239 1401 4301 illius
1422 4235 1543 4300 librarii.
1574 4235 1627 4294 tau

1027 4346 1146 4406 monuit
1159 4345 1311 4422 Submius,
1325 4357 1462 4407 montem
1475 4345 1580 4422 Stange
1591 4355 1628 4398 11·

1028 4447 1120 4532 periri
1143 4443 1174 4510 in
1195 4451 1340 4535 parochia
1360 4447 1485 4520 vinsttt
1493 4461 1523 4510 et
1544 4459 1628 4528 topar-

1026 4554 1093 4615 chia
1108 4557 1217 4620 Vester
1232 4559 1347 4642 Gynge,
1366 4557 1468 4640 aliquo
1488 4548 1625 4614 intervallo

1026 4658 1063 4722 ab
1071 4659 1146 4724 urbe
1153 4662 1372 4726 Christianated
1387 4653 1626 4734 distantmlllul·

1026 4763 1061 4826 al
1075 4769 1184 4829 Danaa
1203 4771 1263 4832 rol.
1278 4767 1342 4854 3p.
1355 4763 1442 4844 634).

1071 4877 1269 4939 ’0111111111
1304 4921 1325 4936 ..
1352 4865 1496 4952 mutuat]
1523 4861 1623 4936 alardi,
