3442 5456
376 295 449 370 238
717 291 891 362 Hlstott
914 291 1020 364 nait.
1044 289 1181 364 UBER
1208 291 1249 362 V.

324 503 509 604 genantur.
568 509 743 578 Caeterum
755 527 854 576 emur
868 501 1033 601 partomi
1047 495 1248 596 periodum
1259 503 1367 572 erat1.
1420 504 1498 574 non
1515 503 1608 600 equit,

325 653 399 702 nou
414 629 518 702 annin
532 625 698 724 parcitur,
723 649 795 698 non
812 624 917 700 soedis
933 641 993 696 ant
1010 619 1177 720 putribus
1195 619 1402 696 abstinetur.
1451 627 1610 698 Pomm

326 777 372 826 ne
387 751 533 826 canibus
549 747 694 847 quidem
711 763 945 848 temperatum
966 762 1036 840 est3
1059 741 1159 816 netas
1181 767 1291 818 omne
1304 743 1534 820 moriemibus
1547 745 1611 820 lio·-
1697 757 1698 834 j

328 892 404 946 tum
423 872 498 946 fuit
554 870 648 944 Nihil
668 873 764 942 enim
784 886 857 942 tam
871 865 1029 957 difficile,
1063 862 1166 964 qnod
1179 871 1364 940 necessitas
1376 891 1541 964 suprema
1554 895 1611 941 nm

328 1003 483 1096 imperet.
535 991 591 1066 Ad
605 993 767 1066 ultimum
781 996 875 1066 lame
889 989 1066 1066 exhaustis
1083 984 1227 1087 publica
1244 986 1361 1060 clades
1378 990 1522 1062 incessit.
1555 989 1609 1062 nf-

329 1117 534 1192 serebantur
549 1115 688 1212 absque
702 1117 895 1188 cessatione
911 1137 1084 1212 corporo,
1118 1111 1323 1209 cunctisque
1340 1111 1482 1186 exitium
1500 1110 1610 1184 formi-

254 1261 256 1266 '
328 1240 505 1328 dantibus,
537 1235 624 1312 nulli
644 1238 820 1314 miseratio
841 1237 1064 1333 pereuntium
1088 1233 1163 1308 fuit.
1205 1234 1466 1310 Humanitatetn
1497 1239 1613 1332 quippe

328 1381 444 1438 metus
469 1360 673 1436 excluserat.
732 1362 890 1432 Primum
906 1363 1023 1454 itaque
1041 1382 1161 1455 regem
1183 1353 1354 1455 paulatim
1374 1355 1536 1430 defecere
1559 1383 1613 1430 co-

328 1485 466 1578 hortes;
492 1481 619 1557 deiude
645 1484 862 1556 centuriatim
877 1479 1022 1556 defluxit
1036 1504 1175 1578 agmen.
1240 1481 1408 1556 Deseruit
1429 1503 1511 1551 eum
1531 1505 1613 1578 quo-
1659 1575 1663 1588 Ι

328 1633 399 1707 que
414 1611 576 1708 Uggerus
592 1611 724 1694 vates²‚
750 1605 802 1680 vir
815 1604 926 1678 rotatis
941 1604 1125 1701 incognitae
1151 1619 1186 1674 et
1213 1626 1324 1700 supra
1341 1601 1535 1674 humanum
1550 1620 1614 1674 ter-

328 1733 465 1804 minum
480 1726 646 1828 prolixae3
672 1728 734 1828 qui
748 1725 965 1800 Frothonem
980 1724 1171 1826 transfugae
1189 1723 1290 1798 titulo
1306 1739 1440 1822 petens,
1463 1724 1615 1824 quioquid

331 1853 379 1926 ab
396 1852 509 1924 Hunis
526 1851 731 1948 parabatur,
755 1848 905 1924 edocuit.

462 1977 556 2046 Inter
568 1972 646 2046 hoec
654 1972 825 2064 Bidinus,
831 1997 891 2044 rex
906 1969 1092 2068 aliquantae
1101 1973 1394 2067 Not-vagientium
1408 1970 1615 2065 gentiumn-

331 2098 449 2171 thonis
464 2095 612 2170 classem
626 2110 767 2171 centum
785 2095 1044 2194 quinquaginta
1066 2093 1211 2193 normis
1233 2087 1434 2164 accedebat.
1499 2095 1616 2191 Equi

332 2221 403 2296 bus
422 2215 615 2291 duodecim
635 2217 742 2309 lectis,
767 2208 917 2315 propius
932 2219 1192 2316 navigationem
1209 2215 1326 2312 ,coepit
1348 2211 1497 2306 habere,
1521 2231 1618 2288 erecto

334 2348 369 2414 in
393 2339 527 2414 malum
544 2356 646 2415 scuto
664 2343 780 2414 socios
793 2339 983 2416 adventare
1000 2339 1207 2440 sigrtiiicans.
1269 2339 1437 2437 Qui'regi
1460 2341 1496 2412 in
1510 2344 1618 2436 proxi-

333 2492 433 2538 mum
448 2463 607 2536 amicitiae
625 2463 778 2562 gradum
794 2480 966 2563 receptus,
995 2487 1167 2561 magnum
1180 2462 1291 2558 copiis
1317 2460 1397 2558 ejus
1416 2461 1526 2534 attulit
1540 2485 1618 2558 sup-

334 2588 565 2688 plementum.
613 2587 740 2660 Eidem
756 2583 1083 2684 postmodumcum
1096 2581 1215 2675 Hilda,
1233 2583 1373 2682 Hogini,
1388 2585 1549 2659 Jutornm
1568 2607 1618 2654 ie-

333 2709 419 2812 guii‚
453 2707 543 2800 filia,
570 2727 735 2808 spectatae
756 2707 953 2786 admodum
975 2707 1151 2806 opinionis
1167 2705 1336 2807 virginet
1367 2723 1515 2784 mutum
1536 2731 1620 2778 amor

334 2837 479 2908 incessit.
537 2834 679 2931 Quippe
695 2831 857 2908 nondum
873 2835 1025 2906 invicem
1052 2846 1261 2928 conspector
1289 2829 1424 2906 attona
1438 2827 1619 2904 incenderet

335 2955 442 3031 tama.
488 2959 534 3027 At
548 2955 611 3028 nbi
626 2973 759 3033 mutum
775 2956 1036 3055 conspectionis
1051 2958 1155 3052 copia
1169 2953 1309 3044 incidit,
1328 2969 1454 3028 neuter
1473 2951 1619 3027 obtutum

335 3079 384 3156 ab
407 3077 520 3152 altero
543 3058 721 3155 remittere
745 3091 901 3178 poterat3
935 3076 1027 3151 adeo
1056 3077 1218 3176 pertinax
1237 3101 1341 3152 amor
1361 3074 1488 3152 oeulos
1513 3097 1621 3148 mora·

337 3203 454 3278 batur·
1389 3199 1391 3204 ’

466 3327 604 3398 interea
617 3321 764 3416 Frotho‚
779 3320 968 3408 distributo
996 3345 1064 3420 per
1085 3261 1278 3419 municipia
1297 3317 1418 3412 milite,
1442 3317 1624 3420 diligentius

338 3447 514 3546 impensas
528 3444 702 3547 hybernis
715 3443 974 3522 commeatibus
987 3443 1202 3520 necessarias
1217 3443 1462 3520 conveniebat.
1505 3438 1569 3518 Sed
1589 3461 1627 3512 ne

388 3737 552 3798 'Craterum
573 3757 656 3797 error
674 3759 734 3822 por
745 3733 831 3821 sorni
849 3739 964 3822 pericu·
1073 3735 1241 3820 ⁸Spectotoe
1259 3731 1413 3794 admodum
1428 3733 1568 3820 optiriorn’s
1580 3731 1629 3789 sir·

341 3843 401 3904 iem
417 3837 496 3920 oar]
514 3843 585 3902 Hoc
611 3852 667 3917 est,
694 3838 845 3902 aberratio
874 3861 891 3901 a
917 3837 964 3902 vir
1023 3836 1105 3925 grite]
1122 3841 1191 3901 Hoc
1205 3848 1262 3916 ert,
1278 3837 1404 3921 virgine,
1421 3855 1490 3922 qne
1501 3829 1630 3898 fannio

341 3965 427 4032 aequc
443 3958 509 4008 erat
524 3943 658 4007 timenda
673 3964 708 4008 ac
724 3944 789 4029 ipse
805 3943 909 4006 fames.
1014 3936 1197 4010 'rentissima
1217 3941 1391 4022 fruebatnr3
1409 3961 1481 4006 mox
1501 3941 1575 4004 enim
1594 3953 1631 3997 st·

387 4049 652 4136 'Uggermvated
669 4054 736 4114 Jam
751 4050 869 4113 monuit
884 4049 964 4114 th-
1025 4053 1129 4138 quitur
1142 4055 1258 4114 alterno
1278 4049 1547 4135 incenderorsama.
1580 4045 1633 4106 Eo·

343 4159 420 4221 mios
433 4155 562 4237 (citrini
575 4145 655 4220 nist.
670 4155 738 4219 31).
755 4151 848 4236 848)
866 4159 964 4242 Ugge·
1024 4157 1093 4222 dem
1112 4155 1179 4220 iere
1196 4175 1284 4219 sensu
1304 4160 1401 4243 opinio
1425 4149 1584 4216 adhibetur
1603 4145 1635 4207 ab

345 4291 409 4328 mm
421 4263 501 4326 idem
515 4281 579 4325 esse
592 4281 703 4325 nomen
724 4281 758 4324 ac
781 4264 868 4346 Yggr
890 4261 965 4344 (me
1025 4263 1168 4350 Apulei»,
1183 4283 1213 4326 v.
1227 4259 1463 4346 c.iitatamorph.
1477 4257 1528 4322 lm·
1541 4257 1583 4324 W
1595 4249 1635 4315 οὖ·

344 4371 499 4452 tuendus),
513 4374 682 4455 cognomen
696 4363 797 4433 odini.
824 4371 966 4432 Fortasse
1025 4371 1057 4433 in
1072 4393 1115 4434 us.
1134 4368 1247 4453 Delph.
1260 4369 1321 4430 rol.
1344 4371 1357 4428 1
1378 4389 1409 4450 p.
1431 4361 1506 4428 132¹.
1525 4363 1572 4425 Sic
1591 4363 1637 4419 zin-

342 4479 438 4562 igitur
453 4476 571 4562 pittatia
585 4476 705 4561 poetice
722 4473 874 4539 deOdino
895 4495 966 4537 tene
1027 4501 1151 4541 mensum
1167 4475 1304 4564 procedit
1326 4479 1357 4535 r'rt
1381 4475 1444 4535 dies
1460 4473 1575 4558 opinio,
1601 4466 1637 4525 πὶ

343 4576 432 4647 soom
446 4583 587 4646 senilium
608 4583 692 4667 genti
711 4580 830 4645 cuidam
850 4581 968 4646 subtre-
1022 4585 1139 4646 ‘insulas
1146 4583 1212 4665 jem
1221 4584 1375 4669 pronitas
1389 4597 1419 4641 et
1439 4575 1637 4662 remepinstn·
1701 4637 1702 4640 ,

346 4687 440 4752 iente
458 4687 529 4752 hnic
549 4689 713 4752 emtioni
728 4687 767 4750 'de
787 4699 857 4752 rate
869 4701 967 4752 tmus-
1027 4685 1638 4777 lomprootizeziupoepinriaesfamoporre·

347 4792 420 4878 iuga
437 4793 585 4878 originem
603 4793 745 4877 praebuit.
1030 4811 1277 4879 oropmagotnr.
1301 4774 1638 4876 Vidsnprmntadpd·
1701 4839 1702 4880 3
