3506 5458
695 323 910 403 CANUTUS.
1164 319 1175 345 ⁶
1333 331 1401 402 53¹

147 531 289 610 lentim
316 547 599 628 representaret,
632 531 788 612 indulsit.
857 529 993 624 Quodsi
1018 557 1101 609 reus
1133 541 1286 612 naariae
1315 535 1459 612 medere

144 653 354 754 delegisset,
378 679 424 729 eo
449 652 734 729 commilitonum
764 655 962 754 irequcotin
987 656 1278 754 prosequendus,
1304 657 1461 758 dataque

145 801 251 864 uase,
267 779 433 878 remigiis,
457 777 839 867 oommestu,·vaseulo
870 776 1058 877 egerendis
1083 781 1188 876 aquis
1205 778 1345 863 idoneo,
1360 797 1458 856 tam-

144 897 210 972 diu
226 900 262 972 iu
280 899 396 976 littore
409 897 654 996 opperiendus
677 899 802 991 iuerat,
828 899 942 982 donec
960 905 1067 994 remi,
1086 905 1116 978 si
1130 906 1183 978 eis
1198 907 1374 1002 navigatio
1389 927 1459 1002 ge-

143 1035 297 1110 reretur,
324 1019 393 1112 uel,
409 1025 437 1094 si
455 1003 561 1111 velis,
586 1039 748 1099 antenus·
770 1039 867 1096 extra
891 1043 1122 1122 conspectum
1138 1029 1315 1102 abiissent.
1364 1029 1459 1098 Turn

148 1141 317 1242 denique,
332 1149 395 1242 qui
417 1143 637 1243 profugerat,
660 1147 833 1243 superiori
855 1145 904 1222 ab
927 1146 1094 1221 omnibus
1109 1153 1279 1225 sententia
1299 1151 1459 1246 repetita,

145 1267 448 1340 amarissimorum
464 1267 735 1342 maledictorum
753 1266 967 1341 verberibus
982 1268 1156 1344 laceratus
1182 1273 1382 1346 tristissimis
1397 1289 1458 1343 to·
1521 1317 1525 1326 ·
1652 1277 1655 1286 '

146 1389 216 1461 tius
233 1387 364 1462 militiae
379 1389 553 1491 suffragiis
570 1388 817 1466 damnabatur.
870 1391 938 1482 Qui
951 1392 981 1464 si
1005 1407 1213 1490 tempestate
1229 1395 1263 1466 iu
1279 1393 1377 1468 linus
1395 1418 1457 1466 re-

146 1507 240 1584 latus
258 1509 390 1603 iuissm,
415 1515 585 1586 condano
608 1529 647 1586 ut
664 1509 775 1588 bostis
798 1509 944 1586 habitus
969 1511 1109 1587 violate
1134 1516 1310 1590 societatis
1329 1539 1458 1614 poenas

146 1630 341 1728 pendebat,
366 1635 632 1736 discrimenque
652 1638 777 1734 capitis
797 1637 877 1734 ejus
895 1633 1038 1710 lunesto
1061 1634 1293 1722 damnationis
1314 1640 1455 1715 incursu

147 1752 316 1851 capides
338 1758 639 1832 commilitonibus
657 1757 897 1856 expetebatur.
957 1761 1009 1832 lta
1023 1783 1096 1832 non
1117 1758 1317 1856 periculosa
1342 1761 1458 1835 minus

147 1899 256 1973 quem
283 1881 518 1978 ignominiosa
542 1882 696 1958 sontium
717 1883 859 1958 evitatio
881 1881 956 1954 fuit.
1029 1885 1073 1952 At
1095 1887 1124 1954 si
1154 1881 1285 1954 militie
1311 1905 1458 1954 munere

146 1997 335 2077 defunctus
355 2017 446 2076 terra
462 2003 654 2104 peringere
674 2003 872 2092 maluisset,
898 2000 946 2076 ad
970 2029 1098 2080 nemus
1121 2029 1237 2104 usquc
1257 2007 1334 2101 pari
1359 2003 1456 2076 urili-

146 2137 223 2194 tum
245 2147 332 2200 cura
356 2125 578 2204 moriundos
592 2145 688 2217 erat,
713 2127 847 2202 cunctis
882 2124 1016 2202 tamdiu
1052 2129 1087 2198 in
1118 2130 1198 2225 ejus
1221 2125 1321 2200 abitu
1339 2151 1455 2226 expe-

1 2261 2 2264 ’
144 2245 332 2338 canthur,
353 2272 546 2348 quousque
563 2248 693 2348 procul
707 2251 826 2348 ipsum
843 2249 970 2322 abesse
987 2265 1253 2346 cognoscerent
1304 2253 1355 2322 Ac
1372 2267 1457 2322 tunc

140 2365 294 2446 deinum
309 2395 443 2470 magno
458 2397 542 2446 cum
557 2374 665 2446 totius
678 2369 808 2446 militiae
826 2369 970 2468 fragore
990 2387 1044 2444 ter
1063 2368 1180 2446 valide
1195 2369 1358 2446 edendus
1375 2370 1455 2444 cla-

148 2521 229 2570 rnor
254 2513 456 2596 cunctaque
482 2493 634 2592 strepitu
667 2492 851 2568 miscenda
875 2491 1025 2583 inerant,
1051 2517 1097 2566 ne
1121 2492 1300 2593 fugiturus
1317 2492 1392 2566 ullo
1409 2493 1455 2566 ad

148 2643 213 2693 ecs
229 2644 351 2693 errore
363 2617 487 2694 reierri
501 2631 630 2715 posset.
682 2619 784 2693 Tunc
807 2613 954 2690 demum
983 2614 1152 2690 destricta
1177 2633 1213 2690 et
1235 2619 1310 2716 jam
1326 2623 1456 2695 inmo.-

146 2739 272 2816 rabilis
287 2743 448 2816 omnium
461 2743 640 2832 maenus,
656 2740 792 2816 cncede
808 2737 947 2816 solenni
960 2739 1042 2838 jure
1059 2739 1258 2838 completis,
1274 2765 1319 2812 ne
1336 2737 1382 2811 de
1397 2740 1458 2811 in-

147 2862 316 2938 demnato
342 2861 558 2962 supplicium
582 2885 725 2939 sumere
742 2861 931 2952 videretur,
950 2883 1157 2956 supremam
1172 2885 1234 2934 reo
1253 2859 1457 2934 damnatio-

148 3013 232 3060 nem
253 2985 413 3076 intmdit,
438 2984 643 3098 effecitque,
668 3001 718 3075 nt,
742 2985 807 3084 qui
828 3007 868 3062 se
898 3007 921 3056 a
945 2983 1106 3084 specioso
1127 2981 1261 3061 militiae
1292 2987 1456 3058 convictu

147 3109 354 3206 abruperat,
368 3109 521 3206 turpiter
536 3131 666 3208 ragam
683 3111 788 3184 vitam
802 3107 1022 3206 prosndptus
1042 3107 1203 3205 exigeret.
1255 3107 1308 3180 lta
1322 3101 1458 3180 milita·-

13 3286 24 3304 .
148 3233 198 3306 ris
222 3229 418 3331 discipline
443 3235 494 3306 rei
521 3228 698 3329 judicialis
720 3232 924 3331 ignominiae
939 3229 1113 3329 gravitate
1138 3229 1175 3300 in
1193 3225 1457 3326 abjectbsirno-

149 3381 232 3429 rum
256 3353 495 3430 conditionem
518 3351 777 3454 relegabuntur.
844 3351 947 3428 Adeo
981 3353 1076 3428 enim
1107 3375 1170 3424 rex
1204 3348 1457 3426 contumeliam

150 3480 318 3572 modum,
331 3503 405 3554 non
420 3475 630 3577 sanguinem
646 3473 796 3566 sitiebat,
812 3491 851 3552 ut
865 3499 928 3550 eos
944 3471 1125 3574 probroso
1139 3473 1375 3573 castigationis
1390 3495 1462 3573 ge-

151 3751 280 3812 litescere
296 3751 538 3820 existimaremur,
558 3747 680 3810 classico
701 3748 782 3809 clun·
836 3746 977 3808 nundin
992 3767 1050 3806 nou
1064 3746 1198 3810 veluerit.
1224 3744 1338 3806 Derirde
1349 3749 1462 3808 maber-

151 3877 225 3940 gnre
242 3859 335 3918 remis
353 3855 462 3916 merlus
484 3852 680 3936 miseranter
703 3855 783 3916 neti·
837 3874 873 3914 sn
893 3853 1116 3918 ccumrilslouum
1137 3853 1214 3936 legio
1235 3853 1307 3914 totis
1320 3854 1464 3912 uacuiri·

151 3981 216 4043 que
225 3959 471 4044 confederationis
476 3959 552 4040 jura
570 3961 632 4044 ipsi
651 3962 782 4043 margua-
840 3959 893 4020 lue
905 3962 987 4022 trrisc
1001 3960 1210 4046 enascentium
1229 3955 1329 4041 “valide
1343 3957 1461 4043 procla·

153 4089 185 4128 re
204 4065 313 4128 deleas
363 4067 417 4128 Sia
435 4081 530 4127 autera
553 4067 586 4125 ris
604 4066 667 4126 ecla
684 4066 784 4128 mcii
836 4065 940 4137 mcb't,
951 4088 988 4128 ae
1003 4065 1065 4128 cleia
1078 4064 1122 4128 nd
1132 4085 1181 4128 eoa
1192 4064 1243 4124 uic
1256 4061 1350 4126 redire
1353 4065 1461 4150 pared·
1571 4085 1573 4088 ·

152 4179 285 4238 estiterit
296 4191 327 4236 et
334 4173 474 4261 proedr'eti
485 4171 603 4234 sceleris
615 4171 722 4234 arrietes
733 4175 780 4234 irt-
837 4172 905 4254 (luc
917 4171 1009 4254 secta
1026 4169 1085 4234 lucc
1100 4172 1163 4253 lege
1182 4182 1318 4232 tenentur
1332 4172 1464 4242 astricti,

153 4285 292 4352 currerit,
312 4284 476 4341 uniuersum
490 4277 616 4342 murare
627 4277 779 4361 collegium
837 4292 885 4346 ut,
911 4280 942 4338 ei
962 4278 1112 4360 qudqums
1138 4277 1374 4350 mutuom,
1405 4299 1464 4342 reso

154 4387 197 4450 cd
217 4391 342 4449 umens
362 4385 533 4448 &mamam
557 4407 622 4446 enm
645 4388 780 4446 ccmr'tnrr
838 4383 941 4446 satum
961 4385 1065 4472 eom‘fe
1089 4397 1143 4446 aet
1165 4384 1223 4446 telo
1238 4386 1392 4471 superior,
1417 4385 1466 4448 illi

154 4511 282 4566 terretur,
303 4496 387 4575 risque
406 4493 531 4552 tremoris
536 4489 642 4575 fronte
656 4504 782 4575 presto·
835 4487 1020 4574 portandum
1032 4491 1204 4560 occurrerit,
1217 4511 1403 4574 cumquemt
1418 4493 1464 4556 itt·

154 4603 231 4678 tari,
243 4601 334 4662 donee
347 4622 379 4660 ee
396 4597 469 4658 adeo
488 4595 645 4658 recedendo
661 4617 783 4658 aem
840 4597 963 4666 werel,
977 4593 1104 4674 ejudem
1119 4599 1286 4680 gamma
1300 4611 1331 4660 ct
1340 4595 1465 4683 preiten-

155 4710 210 4777 rit,
234 4704 471 4793 opacaqunlr'let
491 4719 591 4786 tneque
608 4703 719 4784 legens,
750 4715 784 4760 nt
841 4720 880 4760 se
902 4703 1126 4785 amputem
1138 4704 1289 4782 jacturam
1311 4703 1406 4766 subire
1423 4716 1467 4764 te·

155 4833 254 4876 eorm
284 4813 437 4875 clamorem
465 4824 519 4871 eut
550 4809 784 4888 miserationem
844 4820 958 4866 remur.

1176 4909 1275 5010 or>
