3476 5460
1017 64 1056 129 ς’.

493 307 740 382 nmtuuus
754 308 1053 382 nunnus-tun
1302 307 1375 394 aer
1479 261 1495 295 ⁰

117 519 368 608 monn,
400 521 572 614 patienter
591 515 778 594 considere
797 518 926 616 justis,
966 543 1040 592 nnn
1069 535 1150 595 ante
1176 525 1279 622 sique
1302 549 1428 600 canere

117 639 309 738 precepit,
333 661 444 736 quam
458 661 578 737 regem
599 655 749 738 propter
774 635 1037 736 squilascurrn
1059 647 1301 743 compositum
1317 671 1429 746 aspe-
1570 622 1576 636 ’

118 763 259 852 xiasem,
282 759 465 860 prefatus,
477 783 622 859 sperare
639 785 678 836 se
691 761 798 836 facile
812 758 942 836 celabi
958 765 1071 838 unieru
1087 790 1215 865 posse,
1242 791 1326 866 que
1344 772 1431 846 cenci

117 881 320 960 tummim
343 885 523 958 niteretur.
574 887 749 956 Praeterea
777 882 988 976 Humidum,
1008 910 1179 986 supremo
1201 895 1314 966 eruta
1336 906 1432 966 tern-

118 1029 211 1103 pore
233 1005 337 1080 alieni
358 1007 496 1104 inperii
517 1003 711 1105 cupiditate
732 1021 957 1104 correptum,
988 1031 1061 1084 nou
1084 1014 1202 1086 smnus
1225 1029 1343 1086 mente
1363 1039 1432 1088 na-

118 1145 224 1224 ptum
255 1153 366 1228 quom
396 1128 594 1203 luminibus
613 1127 707 1220 fore;
732 1151 797 1201 neo
813 1127 948 1227 opibus
973 1134 1131 1229 enuntiari
1158 1157 1285 1232 posse,
1310 1141 1386 1234 qui,
1402 1139 1432 1212 si

118 1273 234 1326 annos
252 1253 429 1349 respiciat,
453 1249 593 1326 tumulo
607 1273 713 1348 paene
734 1265 919 1326 contentus
939 1274 1019 1328 esse
1033 1253 1173 1328 debent.
1225 1259 1344 1332 Srecis
1359 1261 1431 1332 itu-

119 1397 196 1472 que
215 1399 285 1470 pro
306 1372 487 1464 libertate,
520 1397 590 1472 pro
614 1378 727 1471 putria
751 1399 793 1446 ac
823 1373 945 1449 liberis
973 1373 1163 1450 dimicandi
1189 1383 1434 1455 nenessitatem

120 1495 350 1584 incumbere,
371 1494 512 1572 hostem
527 1499 848 1594 temeritatemque
867 1493 1055 1572 insolentie
1070 1502 1272 1600 suscepisse
1285 1499 1432 1576 bellum

119 1619 298 1692 Praeurea
314 1633 473 1716 exparte
494 1615 647 1692 adverso
668 1641 871 1718 perpaucos
893 1623 1018 1693 Dauos
1034 1643 1124 1714 esan,
1148 1624 1306 1698 &nunes
1324 1647 1433 1698 cnm-

122 1739 250 1837 plutes
264 1739 427 1839 sumque
451 1739 684 1814 effecminatae
698 1757 822 1839 gentes
834 1741 870 1814 iu
886 1743 962 1816 acie
980 1757 1086 1819 oure.
1138 1742 1196 1816 oh
1211 1743 1313 1842 quoti
1328 1749 1434 1846 cogi-

122 1877 200 1937 tare
218 1859 351 1938 debus
367 1864 525 1938 Senones
541 1866 786 1962 Noricosque,
811 1880 986 1963 quantum
999 1867 1200 1940 Germanos
1226 1891 1270 1941 no
1292 1841 1436 1944 Sclavos

118 1984 416 2092 ¹Septentrinualis
434 2008 579 2085 semper
600 1985 707 2060 turbe
724 1987 931 2086 prostiterit.
989 1987 1233 2084 spernendam
1250 1983 1340 2090 nrg'o
1356 1995 1436 2066 aci-

117 2101 185 2181 em
207 2109 303 2200 sore,
333 2135 417 2209 qum
440 2113 564 2210 potius
585 2109 725 2184 lubrice
745 2105 934 2183 hominum
950 2108 1152 2183 collusione
1182 2135 1294 2210 quam
1315 2113 1436 2190 solido

123 2229 277 2306 militum
293 2231 447 2308 robore²
472 2243 637 2308 contexta
664 2231 837 2306 rideatur·
884 2231 960 2302 tter
984 2253 1114 2328 perum
1128 2257 1171 2306 eu
1187 2237 1346 2308 cretione
1362 2237 1436 2308 rui-

123 2351 229 2428 litum
244 2360 382 2430 enimus
401 2352 632 2430 accendebat.
682 2357 727 2427 At
742 2357 875 2443 Brnno,
896 2350 1043 2426 Heruldi
1057 2352 1139 2428 loco
1157 2357 1269 2428 aciem
1282 2371 1437 2432 statuere

123 2476 259 2573 jussus,
289 2503 406 2553 cuneo
430 2480 586 2552 frontem
610 2475 793 2568 molitur2,
815 2471 969 2548 Hetham
985 2499 1071 2550 vero
1095 2477 1129 2548 in
1156 2475 1301 2552 dextero
1326 2477 1438 2554 latere

68 2635 72 2642 ·
126 2597 235 2690 locat,
260 2603 443 2676 Heronem
458 2599 551 2676 lavo
566 2597 728 2700 praeficit,
763 2599 922 2672 Wisncm
937 2597 1163 2696 aquiliferum
1184 2593 1298 2674 facit‘
1327 2605 1440 2702 Igitur
1492 2661 1498 2673 .

126 2721 319 2816 Hereldus,
329 2729 616 2814 nnmueminens,
632 2745 743 2821 qoem
759 2721 988 2820 potnit,celse
1005 2739 1094 2796 rone
1109 2721 1282 2798 heneiim
1298 2749 1364 2798 sna
1377 2729 1439 2800 in-

124 2845 230 2943 juriis
251 2871 274 2919 a
294 2851 466 2948 llingoue·
479 2841 628 2946 rependi
652 2845 822 2942 queritur.
870 2841 951 2918 'Ab
974 2839 1038 2917 illo
1057 2843 1126 2918 sibi
1147 2842 1284 2920 belim
1308 2848 1440 2942 inferri,

126 2967 195 3065 qs
209 2989 360 3069 regnum
382 2991 452 3044 sun
477 2989 625 3042 munere
639 2963 794 3064 adeptus
814 2963 953 3040 fuerit³.
1011 2967 1063 3040 lto
1077 2967 1279 3067 llingouem
1293 2995 1440 3070 nec‘se-
1501 2991 1504 2998 ⁴

126 3095 187 3165 nis
205 3093 384 3185 misereri,
420 3117 490 3166 nec
510 3089 690 3165 avunculo
705 3111 871 3188 parcere,
896 3093 1139 3188 propriosque
1161 3100 1279 3166 motus
1299 3109 1440 3169 cuncte

126 3212 399 3288 necessitudinis
418 3231 480 3288 aut
503 3211 747 3290 beneficentia
760 3212 936 3310 respectui
958 3211 1137 3310 preferre.
1195 3213 1306 3290 iubet
1321 3221 1442 3317 itaque

127 3342 332 3412 meminisse
345 3339 481 3427 Dauos,
507 3355 548 3410 ut
566 3337 691 3410 exteris
706 3359 851 3434 semper
865 3339 1020 3409 victoriis
1035 3333 1274 3426 inclaruerint,
1300 3353 1340 3410 ut
1353 3336 1442 3410 fini-

129 3462 226 3530 timis
248 3459 426 3559 imperare
446 3459 567 3558 potius
581 3483 694 3558 quam
717 3455 871 3555 obsequi
896 3461 1161 3550 comueverint;
1193 3455 1443 3558 hortaturque,

129 3605 179 3654 ne
194 3595 299 3656 tanta
318 3579 441 3683 gloriae
463 3577 577 3656 decus
591 3579 739 3656 devictae
756 3581 870 3680 gentis
891 3577 1075 3656 insolentia
1099 3574 1305 3654 labefactari
1328 3583 1443 3656 tutti-

99 3749 102 3756 ·
129 3717 251 3793 neunt,
275 3729 343 3778 nec
358 3705 559 3804 imperium,
584 3701 686 3804 quod
699 3703 768 3778 sibi
792 3703 938 3813 'Utente
962 3699 1101 3775 florenti
1125 3719 1356 3802 pepererant,
1378 3727 1444 3778 se-

130 3839 273 3899 nectute
285 3825 447 3900 confecto
462 3825 557 3900 demi
573 3831 785 3927 permittant.

181 4119 312 4184 ‘Soluto
339 4119 463 4186 uiuum
484 4115 597 4198 robore]
621 4118 673 4183 Sic
692 4122 762 4184 tte·
867 4119 955 4204 'Qui
974 4141 1094 4202 regnum
1115 4143 1168 4183 suo
1193 4141 1308 4182 munere
1320 4117 1446 4204 adeptus
1566 4097 1573 4112 ⁹

132 4223 266 4312 phenice
286 4236 372 4294 recte
398 4223 502 4310 posuit
516 4243 578 4308 pro
594 4243 653 4304 eo,
678 4223 763 4310 qnod
812 4221 928 4312 juant]
939 4226 1017 4286 Nem
1031 4233 1154 4286 mortuo
1167 4221 1311 4308 lugaido,
1327 4221 1446 4288 stratu

133 4329 170 4394 in
192 4327 326 4394 editione
350 4328 448 4418 prima
474 4329 603 4416 legitur:
627 4332 686 4395 soii
710 4333 764 4394 mi-
821 4349 912 4413 rege,
933 4328 1124 4414 Ringouem,
1150 4347 1241 4413 quem
1260 4345 1297 4390 ex
1318 4325 1448 4392 Hertlli

134 4441 223 4502 Ir'tum
243 4439 352 4502 robore.
821 4452 929 4499 sorore
940 4435 1114 4512 sustulerat,
1132 4452 1261 4518 puerum
1273 4429 1449 4512 admodum,

184 4544 436 4631 ²Cunenjrnutem
446 4538 765 4626 moir'tur]lcieilron·
821 4537 974 4602 Harsldue
1011 4551 1142 4624 paterno
1168 4558 1286 4623 regno,
1307 4535 1387 4604 tlat'u
1420 4538 1451 4604 ei

135 4661 203 4714 tem
215 4648 248 4712 in
257 4668 389 4719 cuneum
402 4649 546 4736 disponit
572 4649 672 4714 From
685 4645 767 4710 enim
824 4643 987 4724 tutoribus,
1002 4639 1156 4731 proiecit,
1166 4655 1201 4710 ut
1211 4645 1292 4710 Saxo
1303 4644 1386 4710 libro
1399 4665 1450 4710 su·
1482 4695 1490 4715 .

136 4776 212 4842 pars
223 4756 358 4822 anterior
374 4755 457 4822 aciei
478 4752 531 4835 (S)
825 4747 940 4835 periuri
957 4761 1187 4816 commemorat.
1207 4747 1260 4832 (S)
1399 4807 1403 4813 .
1473 4766 1477 4776 ·

1161 4859 1260 4954 m>
