3458 5454
374 345 450 420 aas
707 344 1003 415 aaronem.
1021 345 1158 416 arnan
1178 345 1266 416 vm.
1328 325 1331 334 ’

322 551 470 650 quidem
494 551 636 650 navigio
661 547 829 622 Lethram
853 549 988 624 advecti
1011 553 1188 628 instructis
1212 547 1259 620 ad
1281 547 1378 620 bella
1408 547 1628 645 corporibus,

185 720 202 732 κ
322 675 451 774 ingenii
467 697 616 771 quoque
638 676 767 745 virtute
787 671 993 769 pollebant,
1015 675 1233 771 proceritatis
1247 669 1418 764 ‚habitum
1434 673 1626 742 animorum

246 889 249 895 Ι
323 796 492 870 exercitiis
509 793 723 866 aemulantes.
777 797 921 893 Quippe
937 796 1072 894 spicula
1087 785 1236 868 arcuum
1254 794 1540 888 balistarumque
1555 806 1627 861 tor-

323 919 446 991 mentis
460 933 638 1005 excutere,
663 941 706 988 ac
723 915 937 1017 plerumque
953 919 1077 1020 viritim
1094 943 1176 990 eum
1193 915 1296 989 hoste
1308 915 1520 1003 decernere,
1537 939 1627 1010 poe-

322 1067 379 1115 ses
402 1064 552 1138 quoque
574 1041 692 1136 patrio
720 1065 887 1112 sermone
921 1056 1108 1114 contexere
1134 1041 1402 1138 promptissime
1423 1035 1628 1108 calluerunt.
1701 1041 1705 1054 '

322 1162 422 1236 Adeo
440 1166 596 1232 animum
614 1186 697 1233 cum
716 1187 871 1260 corpore
892 1169 1054 1260 impensa
1076 1165 1322 1235 exercitatione
1346 1159 1546 1233 coluerant
1602 1159 1627 1226 E

322 1281 461 1356 Letlrris
476 1299 595 1354 autem
610 1281 797 1380 prodiere¹
819 1287 961 1376 Hortor,
976 1282 1226 1382 Rorrlryque23
1244 1301 1415 1382 praeterea
1434 1280 1534 1378 Belgi
1553 1305 1627 1352 cum

320 1403 517 1506 Begatho³.
577 1404 719 1498 Quibus
742 1404 870 1505 adjecti
885 1423 970 1480 sunt
984 1409 1063 1478 liari
1089 1431 1132 1478 ac
1149 1405 1261 1479 Totis
1315 1413 1360 1479 At
1389 1404 1448 1478 Sle
1470 1401 1623 1503 oppido⁵

321 1555 404 1602 cum
436 1531 582 1600 Hacone
616 1551 745 1626 genam
784 1529 917 1602 scisso⁰
968 1528 1040 1602 sub
1075 1525 1192 1604 Hetlra
1227 1531 1440 1626 Wisnaque¹
1479 1525 1628 1600 ducibus

321 1652 464 1724 'summi
478 1648 695 1723 velificator⁸
714 1667 918 1724 excesserat.
987 1655 1148 1744 Quarum
1166 1651 1330 1725 muliebri
1344 1655 1488 1750 corpori
1508 1665 1626 1720 natura

322 1772 462 1847 virilem
487 1774 646 1846 animum
670 1779 838 1872 erogavit.
891 1773 1144 1872 Webiorgam⁹
1170 1799 1331 1873 quoque,
1353 1771 1485 1848 eodem
1509 1769 1622 1867 spiritu

321 1895 528 1996 praeditam,
551 1897 604 1965 Bo
621 1897 741 1966 Brami
763 1895 877 1968 filius¹
905 1912 939 1968 et
961 1899 1043 1968 Brut
1061 1900 1184 1969 lutus²
1211 1895 1440 1996 belligerandi
1466 1891 1622 1991 cupitline

321 2033 600 2116 prosequuntur.
624 2015 689 2090 His
705 2015 993 2116 agglomerantur
1010 2023 1097 2090 Orm
1111 2018 1307 2120 anglicus,
1328 2017 1436 2092 Ubbu
1459 2015 1620 2094 Francus,

288 2225 290 2234 y
320 2145 396 2238 Ary
412 2139 523 2212 altero
544 2163 666 2213 cassus
684 2138 852 2228 lumine³‚
884 2140 946 2216 Alf
963 2157 997 2214 et
1019 2133 1164 2214 Goter⁴.
1227 2147 1308 2216 Post
1331 2165 1425 2239 qnos
1448 2135 1519 2210 Dal
1543 2161 1616 2207 cor·

320 2261 489 2362 pulentus
512 2279 547 2334 et
569 2266 648 2335 Duc
669 2262 869 2336 Sclavicus⁶
900 2280 1134 2338 recensentur.
1201 2267 1356 2336 Wisuam
1383 2289 1480 2352 vero,
1505 2259 1613 2330 imbu-

366 2585 419 2642 Ἐ
440 2583 556 2644 Letlrms
581 2579 732 2670 prodiere]
759 2579 945 2665 Siigubrottt
1005 2606 1053 2644 mu
1069 2583 1132 2644 sire
1146 2581 1248 2644 exalia
1267 2582 1397 2646 lectione
1414 2585 1529 2644 Visian.
1566 2575 1614 2640 Atl-

322 2689 407 2749 Tlrer'r
426 2711 497 2749 voro
517 2691 630 2750 luiman
656 2711 691 2748 or
718 2689 786 2748 lar'rd
805 2691 941 2751 Haralds
1003 2685 1059 2764 dit,
1079 2687 1245 2772 viraginem
1267 2689 1409 2754 vexillum
1428 2685 1552 2750 Har-aldi
1572 2703 1612 2766 gt·

318 2793 478 2876 konungsi.
491 2813 517 2855 e.
531 2793 623 2855 domo
645 2812 682 2854 ex
705 2791 850 2854 satellitio
862 2793 943 2876 regis
1002 2807 1105 2858 stasse.

319 2897 447 2960 Haraldi
459 2898 650 2982 prodierunt.
1045 2905 1182 2964 ⁸lbmmi
1192 2899 1365 2986 velificator]
1387 2903 1529 2965 Fortasse
1544 2903 1613 2958 Tan·

364 3009 377 3044 ²
392 3009 510 3066 Hortor
527 3003 709 3086 Raetiasque]
731 3005 802 3088 Siig.
823 3009 943 3080 Hr'ortr,
1004 3033 1048 3070 me
1062 3009 1132 3070 ln‘nn
1149 3011 1286 3090 regionali.

317 3115 466 3194 Borgur.'
1047 3111 1250 3197 ‘’Welu'orga]
1271 3113 1342 3196 Slig.
1368 3113 1513 3196 Vebriirg5
1534 3107 1613 3175 addit,

364 3219 479 3298 ³Belgr'
499 3239 563 3276 eum
590 3213 736 3296 Begatlto]
760 3218 831 3301 Siig.
867 3223 943 3292 Beli,
1003 3220 1171 3304 viraginem
1185 3239 1220 3283 ex
1236 3218 1422 3282 Gothlandia
1438 3213 1611 3282 meridionali

318 3323 458 3404 Belgeda
1008 3326 1132 3389 senisse.

363 3429 510 3488 *Bariae
525 3421 602 3506 Tolt']
623 3429 694 3510 sug.
706 3432 810 3502 Burri,
824 3433 901 3492 Tol-i.
1050 3437 1115 3494 ¹Bo
1136 3436 1241 3494 Brarm'
1250 3429 1349 3514 filius]
1371 3431 1443 3512 Siig.
1476 3431 1534 3492 Bai
1553 3433 1613 3489 liru-
1710 3519 1711 3532 χ

361 3535 436 3595 ⁵Sle
448 3529 570 3620 oppido]
588 3531 745 3617 Oppidum
767 3536 943 3614 slesrieum,
1003 3565 1113 3601 musore.

317 3636 390 3700 urbs
402 3636 434 3698 in
449 3635 560 3700 ducatu
575 3639 753 3702 Slesviceasi
770 3663 850 3703 nunc
863 3665 943 3726 pra·
1049 3649 1152 3708 ρΙίνιιτ
1181 3641 1284 3723 latras]
1312 3645 1383 3724 stg.
1412 3644 1520 3702 Bratrr
1540 3635 1614 3698 Irsir.

316 3743 423 3826 cipue,
461 3765 529 3830 quae
549 3743 671 3827 quidem
691 3745 754 3827 jam
781 3769 798 3809 a
827 3753 941 3812 sarculo
1002 3755 1044 3813 Et
1057 3751 1098 3813 ita
1112 3749 1246 3834 pugilem
1264 3749 1336 3811 lacit
1355 3743 1522 3822 lelandum,
1538 3761 1615 3827 quera

314 3848 385 3912 inde
400 3871 483 3913 nono
499 3873 515 3912 a
529 3851 678 3935 Norregis
700 3851 781 3915 dicta
806 3853 864 3916 suit
879 3859 942 3918 He·
1002 3860 1082 3920 Saxo
1091 3857 1239 3941 originem
1248 3877 1283 3917 ex
1291 3853 1373 3917 Jutia
1383 3853 1616 3914 traxissenarrat.

314 3953 408 4037 ibeby
421 3953 494 4034 (vid.
504 3955 661 4040 Periplum
673 3959 783 4022 Other-i
791 3961 821 4021 in
829 3962 939 4046 Script.
1046 3966 1136 4026 ³Orm
1148 3967 1303 4046 Angtt'cas,
1317 3962 1395 4022 Ubbu
1409 3961 1616 4036 Frest'cus,Ars

313 4080 373 4122 rer.
389 4065 466 4124 Dan.
483 4063 542 4124 vol.
556 4066 580 4124 ll
593 4085 623 4146 p.
647 4061 705 4126 llll
727 4077 758 4127 el
773 4079 838 4128 not.
859 4071 939 4131 Lan·
1000 4074 1094 4134 altero
1109 4095 1210 4133 emaus
1228 4063 1347 4146 iutnt'tte]
1370 4067 1443 4149 Stig.
1462 4067 1551 4127 Ormr
1565 4065 1616 4120 En·

314 4167 433 4250 gebelii
447 4167 485 4230 ad
502 4168 547 4248 l.),
562 4171 647 4253 cujus
663 4193 737 4236 rero
753 4193 863 4236 nomen
888 4197 940 4236 an·
1000 4179 1056 4248 sii,
1071 4178 1145 4240 Ubii
1155 4201 1210 4238 ena
1225 4177 1331 4244 Frisii,
1348 4179 1403 4234 Art
1421 4176 1543 4255 erbeygi.
1570 4171 1615 4228 Sa·
1708 4199 1709 4204 κ

311 4273 523 4357 tiquissimum,
545 4288 624 4339 teste
644 4277 761 4340 Adamo
782 4281 940 4342 Bremensi
1000 4303 1039 4344 xo
1054 4281 1115 4344 lib.
1134 4285 1190 4348 Vll
1212 4291 1387 4342 narraverat
1413 4291 1445 4340 et
1466 4275 1614 4341 Ubboaen

312 4379 344 4440 in
367 4381 446 4442 Hist.
469 4385 574 4446 eccles.
599 4383 651 4446 lib.
671 4388 684 4446 l
705 4407 736 4469 p.
752 4381 794 4448 38
811 4387 858 4449 ed.
876 4393 937 4450 Ma·
999 4399 1031 4450 et
1053 4387 1131 4452 Orm
1157 4386 1194 4449 ab
1225 4383 1362 4447 Haraldo
1387 4383 1479 4446 luisse
1498 4381 1614 4444 dieictus

311 4483 386 4561 deri,
402 4484 462 4549 luit
475 4488 611 4553 Sliasvie.
999 4505 1031 4554 et
1046 4493 1079 4554 in
1093 4489 1302 4554 commilitium
1316 4511 1403 4552 suum
1416 4499 1562 4573 receptos

355 4594 502 4658 ⁶Hacone
514 4619 620 4679 genam
641 4595 744 4679 senso]
762 4599 834 4683 stig.
859 4604 940 4664 Helu¹
1043 4601 1162 4683 ''Alfet
1178 4595 1282 4677 Goter]
1297 4599 1368 4680 sag.
1383 4597 1517 4680 Geyralf

312 4701 540 4781 Hoggttt‘nltt'tmt'.
1039 4708 1123 4767 ‘Dal
1137 4710 1322 4792 corpulentus
1337 4723 1365 4765 rt
1383 4708 1446 4764 Duc
1462 4695 1611 4774 Solatu'cus]

355 4807 491 4876 'Hellen
504 4805 628 4890 Wisnu]
643 4811 713 4892 sog.
730 4814 934 4883 Herennia·
995 4813 1083 4878 llaud
1104 4812 1194 4875 dubie
1217 4811 1324 4886 iidem,
1351 4831 1429 4894 quos
1454 4804 1608 4891 Siigubrotl
1706 4793 1707 4796 ¹
