3476 5460
700 341 812 428 saro.
1287 343 1359 416 ιιι

95 566 265 636 verteret,
291 547 532 650 frugalitatem
553 545 695 647 populo
715 549 838 624 insilit.
888 553 1142 628 conviviorum
1169 579 1274 630 usum
1295 556 1413 630 abro-

93 697 202 774 gans,
226 696 274 747 ne
288 695 363 769 qua
379 693 423 742 ex
438 667 545 769 fruge
568 675 667 770 potio
685 689 883 769 pararetur,
908 672 1031 768 edixit,
1057 677 1285 752 acerbitatem
1311 677 1415 754 famis

96 792 271 892 superflui
287 793 435 868 baudus
458 791 643 868 interdicto
672 793 876 892 pellendum
900 815 1011 896 atque
1035 823 1055 870 a
1076 800 1132 874 siti
1157 797 1435 879 abundantiam„

96 941 181 992 esua
196 913 433 990 mutuandum
449 915 659 990 existimans.
1295 968 1300 977 ·

237 1042 340 1110 Tunc
355 1034 506 1133 quidam
522 1036 768 1136 petulantioris
791 1041 1143 1140 gulae,proacriptam
1156 1042 1303 1118 bibendi
1320 1071 1414 1120 cun-

95 1160 323 1238 suetudinem
349 1158 502 1240 deflens.
535 1159 648 1234 altum
666 1160 863 1236 calliditatis
886 1189 998 1264 genus
1022 1161 1250 1262 complexus,
1283 1187 1415 1240 novum

95 1284 271 1382 voluptati
288 1281 462 1356 licentiam
485 1285 634 1380 reperit,
670 1307 712 1358 uc
736 1283 921 1382 publicam
945 1287 1169 1360 continentiae
1191 1284 1308 1386 legem
1334 1289 1415 1385 pri-

95 1427 179 1482 vata
195 1407 466 1504 intemperantia
488 1401 604 1496 solvit,
630 1401 837 1482 deliciarum
855 1431 962 1482 usum
982 1433 1004 1480 a
1026 1407 1163 1482 ridiculi
1180 1412 1302 1507 operis
1319 1435 1415 1482 acu-

94 1533 194 1602 mine
218 1545 410 1603 mutnatus.
473 1529 574 1602 Vetin'
599 1531 696 1602 enim
720 1525 874 1627 liquoris
899 1547 1007 1628 gustu
1028 1531 1188 1606 minutim
1214 1531 1416 1630 liguriendo

95 1677 186 1726 usus
211 1649 427 1730 desiderium
446 1650 623 1726 ebrietatis
656 1648 820 1749 explevit.
887 1655 1005 1745 Quam
1023 1653 1164 1726 obrem
1183 1671 1415 1730 conventura

96 1799 196 1873 rege,
223 1777 488 1874 integerrimum
511 1798 550 1848 se
576 1772 787 1873 frugalitatis
802 1773 1072 1848 observatorem
1088 1780 1256 1866 asseruit,
1292 1795 1415 1877 utpote

96 1894 303 1971 aviditatem
316 1895 466 1974 haumus
480 1897 674 1972 moderatae
690 1897 902 1994 sumptionis
918 1900 1059 1996 ingenio
1075 1904 1314 1998 castigantem,
1331 1901 1414 1976 afli·-

97 2045 257 2118 xumque
273 2018 344 2094 sibi
364 2018 510 2118 culpam
526 2021 732 2094 sorbitionis
757 2017 858 2093 titulo
883 2023 971 2092 tueri
999 2023 1247 2116 perseveravit
1299 2025 1416 2096 Deni-

11 2211 14 2228 ‚
98 2169 186 2242 que,
201 2129 343 2240 adjecto
360 2143 538 2217 minarum
550 2158 695 2231 terrore,
709 2165 782 2216 non
802 2136 914 2214 modo
931 2139 1070 2230 bibere,
1089 2167 1215 2218 verum
1230 2147 1337 2220 etiam
1351 2151 1416 2244 pi-

98 2269 228 2340 tissare
242 2262 463 2364 prohibitus,
488 2261 738 2340 consuetudini
762 2279 879 2336 tamen
903 2263 1080 2361 imperare
1104 2291 1176 2338 non
1195 2271 1320 2366 potuit.
1373 2273 1418 2344 Ut

96 2389 197 2460 enim
212 2401 382 2486 tanquam
396 2387 491 2462 licite
505 2388 630 2462 illicitis
658 2386 835 2462 frueretur
859 2411 926 2458 nco
941 2384 1065 2484 gulam
1084 2385 1200 2460 alieno
1218 2390 1416 2488 subjectam

98 2509 251 2586 baberet
274 2512 444 2608 imperio,
469 2509 675 2584 madefactis
710 2485 857 2608 potione
880 2505 1067 2598 crustulis,
1108 2531 1241 2606 capace
1265 2510 1417 2612 liquoris

96 2631 214 2708 ollula
240 2631 472 2721 vescebatm,
514 2637 747 2732 capitumque
776 2629 962 2730 crapulam
984 2628 1081 2704 lento
1112 2647 1220 2728 gustu
1243 2638 1416 2730 provexit,

99 2752 328 2830 interdictum
350 2761 515 2830 satietatis
536 2753 688 2832 modum
708 2753 809 2830 haud
831 2779 936 2830 secus
963 2777 1007 2826 ac
1037 2751 1170 2828 licitum
1193 2775 1416 2830 consecutus.

96 2877 202 2952 Adeo
209 2880 488 2976 pertinacissima
503 2878 599 2977 gulae
616 2877 746 2970 rabies,
763 2876 914 2952 salutem
931 2903 1000 2976 pro
1023 2875 1110 2952 luxu
1133 2874 1326 2972 devovens,
1351 2905 1418 2954 nec

97 3001 199 3102 regia
213 2999 360 3099 quidem
384 3003 656 3076 commiuatione
672 2999 857 3091 deterrita,
878 2998 927 3075 ad
950 3023 1058 3074 omne
1081 2997 1283 3098 periculum
1305 3025 1417 3100 sper-

100 3123 267 3198 nendum
299 3125 524 3200 temerarium
554 3122 771 3200 solidaverat
793 3127 1001 3222 appetitum.
1072 3119 1237 3196 &cundo
1268 3148 1418 3225 quoque

98 3245 255 3346 perinde
270 3269 313 3320 ao
328 3245 470 3322 violatas
492 3247 748 3322 constitutionis
771 3269 854 3322 reus
876 3247 1089 3320 convenitur
1102 3271 1125 3318 a
1144 3269 1236 3346 rege.
1286 3249 1356 3324 Sed
1371 3277 1418 3326 ne

99 3387 190 3443 tunc
207 3366 355 3467 quidem
372 3368 452 3444 facti
469 3368 712 3444 defensionem
727 3369 874 3468 abjecit,
898 3387 1132 3466 nequaquam
1145 3392 1167 3439 a
1181 3395 1221 3444 se
1234 3373 1418 3472 regalibus

98 3493 270 3566 imtitutis
285 3489 430 3568 obviam
445 3495 532 3566 itum
548 3515 637 3584 esse,
655 3489 890 3583 contendens,
905 3505 967 3564 aut
990 3489 1169 3564 decretam
1190 3489 1308 3568 edicto
1324 3519 1418 3568 con-

98 3615 287 3688 tinentiam
300 3617 375 3692 suis
390 3613 613 3712 profanatam
627 3613 823 3706 illecebris,
846 3616 1043 3712 praesertim
1065 3639 1181 3712 quum
1204 3612 1274 3688 lata
1288 3615 1419 3717 fruga-

99 3737 210 3812 litatis
242 3736 299 3812 lcx
323 3724 372 3812 ita
402 3738 626 3834 parsimonia
657 3735 812 3812 formam
835 3733 1037 3828 tradiderit,
1072 3751 1112 3810 ut
1136 3736 1282 3835 potandi
1306 3741 1420 3838 magis

98 3856 361 3959 quamedcndi
378 3858 528 3960 liquoris
551 3845 705 3936 facultas
719 3857 869 3934 inbibita
891 3858 1079 3934 videretur.
1150 3860 1243 3934 Tum
1260 3884 1322 3934 rex
1342 3859 1420 3934 ob-

97 3999 236 4058 testans
264 3980 353 4056 deos
367 4007 435 4081 per
460 4005 687 4057 communem
703 3984 827 4081 jurare
850 3981 1020 4072 salutem,
1044 3979 1114 4054 tale
1139 3981 1227 4079 quid
1251 3979 1420 4080 deinceps

99 4102 301 4178 audentem
323 4103 521 4209 capitaliter
547 4125 624 4178 esse
647 4103 849 4204 plexurum.
925 4102 988 4176 llle
1013 4118 1164 4176 mortem
1189 4102 1421 4200 temperantia

101 4228 281 4302 leviorem
306 4230 487 4326 vitamque
506 4251 617 4325 quam
632 4224 758 4300 luxum
773 4224 958 4325 deponere
971 4217 1189 4298 tolerabilius
1203 4239 1310 4316 ratus,
1331 4249 1420 4297 rur-

98 4375 191 4426 sum
206 4357 309 4450 aquis
333 4351 499 4448 excoquit
524 4349 684 4449 frugem,
711 4346 924 4446 detectoque
942 4345 1093 4446 liquore,
1117 4371 1200 4420 cum
1221 4369 1260 4420 sc
1283 4343 1420 4420 nullam

100 4474 259 4551 ulterius
281 4471 494 4548 excusanda
511 4470 711 4569 cupiditatis
732 4469 976 4544 defensionem
1000 4468 1231 4568 objecturum
1252 4481 1422 4568 speraret,
1546 4485 1548 4490 ’

100 4596 389 4700 palam-potioni
401 4591 620 4694 indulgendo
637 4590 684 4665 ad
701 4590 850 4666 calicum
865 4615 973 4666 usum
996 4590 1111 4665 libera
1134 4591 1249 4666 fronte
1262 4615 1422 4664 conver·
1581 4615 1583 4622 ’

102 4725 159 4810 tit,
181 4731 335 4820 astuque
346 4721 384 4790 in
398 4715 584 4790 audaciam
608 4739 731 4808 verso,
755 4719 891 4814 regiam
906 4710 1245 4787 animadversionem
1263 4711 1423 4812 opperiri
1562 4709 1565 4718 ⁴

103 4865 224 4940 quam
248 4839 342 4939 frugi
364 4837 442 4912 fieri
465 4837 598 4915 maluit.
648 4843 891 4936 interrogante
916 4859 1003 4936 ergo
1026 4859 1129 4937 rege,
1152 4859 1219 4910 cur
1240 4827 1343 4909 toties
1369 4839 1421 4907 rei

166 4979 222 5026 sax.
236 4979 364 5028 cmm
376 4981 442 5029 unt.
456 4979 516 5028 ιιι.
1114 5027 1115 5032 ,
1154 4957 1230 5053 (27)
