3548 5470
739 321 937 398 murtro.
1390 327 1440 404 73

179 516 522 632 nemporlnncturie
531 529 693 632 gerebat,
702 529 1026 609 uxorisnchilitiate
1040 529 1152 610 frema
1167 553 1330 638 occupat
1355 544 1494 636 Quam..

181 654 316 731 obrem
338 655 489 748 Frotlro,
516 659 668 732 Orientis
691 653 789 730 bella
821 653 990 735 deserere
1020 672 1185 748 coaetus,
1219 659 1320 758 apud
1336 665 1491 740 Sretiam

181 803 270 852 cum
286 776 481 856 Suauhvita
493 803 623 854 sorore
633 801 745 879 grave
758 776 930 878 proelium
944 778 1031 854 facit
1091 781 1174 874 ero
1187 780 1352 876 afflictus,
1368 803 1493 876 noctu,

181 925 384 976 conscensa
401 899 545 1001 cymba,
566 925 635 1001 per
649 899 812 978 occtrltos
844 901 1080 1002 'rigationis
1100 902 1280 980 enframus
1305 908 1494 1006 perforan-

182 1020 246 1098 dae
269 1021 427 1098 hosfium
447 1021 572 1100 classis
600 1022 738 1100 aditum
766 1023 963 1123 maerebat.
1040 1023 1298 1124 Deprehensus
1320 1054 1342 1102 a
1366 1053 1497 1107 sorore

182 1163 422 1246 rogatusque,
437 1171 503 1222 cur
517 1151 624 1224 tacito
636 1149 787 1248 remigio
802 1149 918 1224 varias
934 1161 1118 1222 meatuum
1132 1148 1306 1250 anlagen
1320 1175 1493 1251 sequere·

181 1282 259 1360 tur,
272 1267 376 1344 simili
393 1271 601 1368 quantouis
622 1269 733 1348 modo
753 1285 1025 1368 percontantem
1050 1269 1215 1346 nmotvc
1275 1276 1365 1348 llam
1381 1275 1494 1350 Sun-
1646 1283 1651 1293 '

181 1387 288 1466 hvita
302 1414 463 1492 quoque,
477 1389 606 1468 eodem
620 1397 734 1468 noctis
753 1407 918 1492 tempore
939 1393 1133 1468 solitariam
1156 1395 1422 1495 nauigationem
1437 1398 1493 1470 in-

181 1537 331 1612 gressa,
354 1518 498 1614 ancipiti
520 1512 766 1592 declinationis
786 1541 880 1616 gyro
902 1515 1118 1615 multiplices
1146 1518 1277 1592 sensim
1293 1515 1418 1592 aditus
1437 1543 1494 1594 re·

183 1659 386 1736 cessosque
406 1636 585 1736 captabat.
643 1641 805 1714 Fratrem
826 1640 949 1738 itaque
969 1637 1111 1714 dudum
1133 1639 1182 1714 ab
1203 1665 1250 1714 eo
1268 1637 1410 1716 collam
1424 1639 1494 1716 sibi

184 1757 362 1834 libertatis
372 1757 594 1834 admonitam
607 1785 738 1861 rogare
752 1765 877 1861 empit,
898 1776 951 1853 ut,
969 1786 1079 1861 quam
1097 1761 1237 1837 bellum
1252 1759 1495 1838 Bautltenicum

182 1886 365 1980 petiturus
385 1881 572 1956 arbitraria
585 1881 745 1958 nubendi
762 1899 937 1984 potestate
961 1882 1178 1976 donaverat,
1200 1901 1386 1985 assumpto
1408 1911 1495 1960 uon·

184 2005 362 2105 jugetrui
375 2009 566 2105 permittat,
585 2021 778 2105 ratumque
788 2022 874 2106 post
887 2007 1023 2082 sactum
1034 2006 1178 2098 bahem,
1195 2005 1298 2106 quod
1321 2007 1398 2082 fieri
1416 2010 1496 2108 ipse

185 2129 416 2211 mmescnit
471 2131 562 2203 Tem
582 2130 687 2228 justis
706 2129 881 2228 precibus
900 2145 1087 2228 permotum
1105 2127 1245 2206 Frotho
1259 2155 1389 2228 pacem
1410 2157 1496 2206 cum

185 2253 357 2352 Regnero
379 2253 585 2350 componit,
609 2253 860 2351 injuriamque,
883 2275 995 2354 quam
1019 2277 1063 2326 ex
1076 2257 1208 2326 sororis
1222 2251 1419 2352 petulantia
1433 2277 1497 2328 sn·

185 2379 348 2477 caepisse
364 2371 567 2465 videbatur,
582 2377 722 2476 rogatui
736 2377 880 2450 remisit.
925 2373 1105 2474 aquibus
1123 2379 1230 2448 etiam
1244 2399 1365 2466 manu,
1380 2401 1496 2476 quan·

186 2513 264 2570 tarn
277 2519 347 2594 per
361 2517 425 2574 eos
439 2498 617 2588 omiserat,
637 2494 789 2572 donatus
812 2495 973 2572 deforme
990 2495 1123 2574 vulnus
1137 2499 1303 2596 specioso
1317 2496 1496 2572 beneficio

185 2635 381 2720 mmmm
394 2616 587 2719 gaudebat

322 2745 477 2820 Daciam
493 2744 686 2844 ingressus,
698 2757 806 2845 capto
820 2743 1071 2844 perductoque
1095 2741 1144 2818 ad
1166 2765 1207 2818 se
1225 2741 1371 2846 llbboni
1394 2748 1497 2841 igno·

187 2871 254 2958 vit,
286 2867 503 2966 veniamque
535 2891 647 2966 quam
675 2890 824 2966 poenam
863 2866 957 2940 male
981 2870 1109 2942 merito
1139 2863 1342 2964 rependere
1361 2863 1498 2956 maluit,

187 2987 297 3088 quod
317 3013 470 3089 rewm
493 2993 613 3086 potius
640 2994 758 3064 uxoris
780 2989 960 3088 impulsu,
988 3015 1100 3089 quam
1126 2991 1275 3087 propria
1300 2985 1498 3086 cupiditate

185 3125 363 3202 tentasse,
390 3123 458 3186 uec
480 3127 553 3186 tum
566 3127 694 3186 auctor
707 3116 843 3186 iniuriae
867 3136 977 3211 quom
1000 3117 1153 3222 imitator·
1166 3110 1277 3185 luisse
1305 3107 1498 3186 videretur.

186 3229 372 3308 Ulrildam
386 3233 513 3308 'eidem
536 3233 743 3334 ademptam
765 3237 881 3308 emico
904 3259 970 3308 suo
986 3235 1129 3326 Scoto¹,
1166 3237 1229 3334 qui
1254 3235 1389 3331 etipse
1414 3234 1500 3308 Sco·

186 3356 421 3432 tici-nominis
436 3354 601 3434 conditur
615 3357 695 3451 fuit,
714 3357 854 3432 nubere
871 3361 1006 3457 coegit,
1026 3359 1096 3432 tori
1111 3361 1318 3432 varietatem
1330 3353 1500 3454 supplicii
1650 3391 1653 3399 ·

185 3478 278 3554 loco
290 3493 471 3578 reputans.
524 3481 638 3580 Cujus
653 3478 851 3556 discessum
869 3479 977 3580 regiis
996 3480 1101 3552 etiam
1125 3475 1300 3552 vehiculis
1325 3501 1502 3576 prosecu-

186 3617 264 3694 tus,
285 3603 452 3678 inuitam
466 3601 644 3678 beneficio
658 3605 831 3703 pensavit.
887 3601 1026 3674 Sororr's
1041 3597 1218 3698 siquidem
1231 3613 1405 3689 naturam,
1424 3623 1502 3674 non

185 3725 377 3823 ingenium
394 3727 546 3818 intuens,
567 3750 643 3802 suta
665 3731 785 3826 potius
810 3723 916 3798 larnae
938 3741 1048 3823 quam
1065 3721 1160 3796 illius
1183 3722 1352 3820 nequitiae
1369 3745 1500 3798 cousu-

186 3845 302 3923 lebat
354 3849 443 3941 Quae
456 3847 618 3924 fraternis
635 3851 769 3922 meritis
782 3846 870 3920 nihil
886 3873 929 3922 er
954 3846 1114 3946 consueti
1133 3842 1207 3918 odii
1229 3845 1425 3941 pertinacia
1442 3869 1500 3918 re·

187 3969 346 4062 mittens,
361 3974 444 4046 novi
462 3973 579 4044 mariti
600 3974 755 4042 animum
782 3968 967 4045 occidendi
991 3967 1182 4043 Frothonis
1223 3963 1500 4064 occupantque

186 4094 382 4168 Danorum
397 4094 535 4192 imperii
560 4093 708 4168 consilio
730 4092 912 4192 fatigabat.
963 4093 1124 4190 segniter
1140 4093 1234 4162 enim
1261 4085 1425 4161 deserere
1440 4109 1499 4158 sc·

189 4213 246 4288 let
277 4219 434 4308 unimus,
467 4214 642 4316 quicquid
670 4213 787 4290 solido
809 4217 916 4290 fuerit
936 4239 1059 4288 amore
1083 4209 1328 4310 complexus2,
1380 4232 1500 4306 neque

186 4333 315 4413 fluidis
343 4339 466 4412 nnnis³
494 4336 658 4414 molitum
681 4341 850 4416 continuo
880 4323 1015 4412 crimen
1038 4333 1201 4410 elabitur.
1289 4333 1501 4407 Primaerum

150 4603 154 4609 “
243 4589 364 4675 'Sectc]
377 4597 426 4658 Dc
442 4611 478 4658 eo
494 4590 552 4658 rid
568 4605 632 4658 not.
646 4591 697 4658 ub.
878 4590 1042 4655 Danicnnr:
1060 4581 1197 4650 Gammel
1209 4575 1387 4665 lijarliglmd
1401 4591 1502 4646 rutter

241 4703 403 4784 ²Sqru’ter
428 4702 556 4764 deserere
589 4703 661 4764 solet
691 4703 817 4772 annuas,
879 4689 1219 4774 incantantium:
1242 4687 1300 4770 liet
1312 4707 1347 4752 er
1361 4688 1501 4773 hrerjum

189 4801 820 4894 quidqcrdsclidosucritomorecomplexna]
881 4815 968 4882 tamt,
991 4821 1024 4866 er
1039 4801 1089 4866 ser
1104 4812 1191 4864 tentr.

189 4909 280 4976 Huic
303 4911 463 4977 sententie
491 4913 657 4999 respondet
681 4911 819 4996 adagium
927 4911 1062 4974 ‘Fictilis
1074 4909 1175 4995 mn]
1189 4915 1250 4976 Per
1264 4909 1370 4981 animi
1386 4904 1438 4968 laic
1449 4927 1502 4968 cn·
