3548 5470
370 272 417 340 tt
692 269 868 342 HISTOR
891 274 995 344 DAN.
1048 273 1185 344 LIBER
1210 279 1235 346 l.

1125 409 1137 444 Ι

565 481 710 556 clarata
716 493 802 580 post
814 476 882 554 boc
898 481 1075 580 agotum
1088 483 1264 561 mareau
1304 483 1308 490 ’

566 602 741 702 Agusium
753 602 826 674 tate
840 601 1107 703 uwltorcfama
1115 663 1130 697 ,

513 778 534 824 ,Ι
567 724 638 796 Crtt'
653 749 740 798 suus
761 723 908 798 taudem
929 725 1137 830 decorasqttc
1155 728 1310 818 cultura,

710 852 875 946 Arrffirat
890 864 1027 924 auctor.

448 972 577 1044 Occiso
593 970 727 1047 sverin
739 971 837 1070 Rege
853 971 1028 1070 Sietrugo,
1051 976 1163 1046 Gram
1183 975 1374 1072 quaesitum
1389 978 1496 1048 armis
1511 979 1625 1074 impr-

317 1100 410 1168 rium
427 1093 655 1190 possessione
679 1089 823 1164 firmare
850 1099 1017 1192 cupiens,
1050 1096 1240 1168 Suarinum
1259 1091 1399 1177 Gothiae
1413 1097 1625 1194 praesectum

317 1216 368 1288 ob
384 1215 535 1288 affectati
551 1216 652 1312 regni
668 1215 909 1312 suspicionem
925 1219 962 1286 iu
980 1241 1113 1315 pugnae
1128 1233 1306 1291 certarnen
1326 1215 1543 1292 devocatum
1556 1245 1623 1318 op·

317 1338 464 1436 pressit,
488 1336 688 1436 fratresque
713 1339 791 1436 ejus
816 1353 956 1436 septem
979 1343 1222 1428 matrimonio,
1250 1363 1382 1412 novem
1398 1339 1527 1440 pellice
1539 1365 1625 1440 pro·

317 1475 474 1547 creatos,
503 1460 629 1558 impari
660 1458 891 1534 dimicationis
908 1447 1038 1559 §enare
1058 1461 1222 1534 fraternae
1253 1463 1351 1536 necis
1373 1460 1547 1538 ultionem
1562 1487 1625 1560 pe-

317 1597 442 1671 tentes,
467 1580 678 1679 absumpsit.

449 1705 554 1774 Hunc
567 1719 679 1800 pater,
694 1702 828 1778 ultimae
844 1707 918 1802 jam
934 1707 1056 1792 aetatis,
1071 1702 1121 1776 ob
1136 1727 1195 1777 res
1218 1710 1360 1804 egregie
1379 1721 1495 1804 gestas
1511 1712 1624 1806 impe.

318 1828 361 1898 rii
386 1828 634 1898 consortione²
663 1821 830 1918 donavit,
859 1828 1035 1926 regnique
1063 1849 1241 1900 summam
1265 1851 1349 1900 cum
1370 1828 1541 1924 sangvine
1556 1853 1623 1902 suo

319 1950 596 2036 communicare,
619 1971 729 2045 quam
752 1953 787 2020 in
804 1946 963 2021 occiduae
979 1955 1059 2022 vitae
1082 1952 1195 2024 statu³
1214 1949 1480 2047 sinerparticipe
1496 1975 1622 2048 gerere

320 2089 402 2146 tum
417 2069 550 2158 utilius,
574 2083 648 2140 tum
664 2070 768 2142 etiam
787 2069 1012 2146 commodius
1026 2070 1136 2144 duait.

449 2195 559 2290 igitur
575 2216 658 2263 cum
675 2194 804 2292 Riugo,
828 2192 1017 2294 splendido
1036 2192 1222 2266 sialandiae
1237 2192 1319 2266 loeo
1335 2207 1450 2282 natus,
1474 2192 1623 2266 alterum

319 2341 362 2388 ex
391 2311 596 2387 his'honori
622 2317 926 2414 intempestivum,
958 2314 1108 2389 alterum
1124 2318 1196 2414 jam
1214 2315 1346 2388 virium
1367 2339 1475 2388 cursu
1498 2314 1625 2389 desun-

320 2455 417 2512 ctum
432 2447 592 2534 putaret,
608 2438 783 2524 infirmam
804 2442 990 2534 utriusque
1014 2455 1153 2511 atatem
1168 2452 1355 2525 causatus,
1378 2463 1553 2510 novarum
1570 2467 1623 2513 re·

319 2589 399 2636 rum
426 2559 545 2634 studio
569 2562 743 2658 majorem
768 2562 953 2632 Danorum
974 2575 1113 2656 partem
1142 2557 1310 2647 solicitat,
1346 2555 1443 2631 huuc
1467 2559 1624 2658 puerilis,
1747 2615 1748 2618 ,

320 2683 422 2757 illum
440 2681 559 2754 senilis
580 2684 685 2753 animi
715 2681 945 2754 deliramento
969 2685 1076 2778 regiae
1092 2681 1263 2779 potestati
1289 2678 1480 2754 inhabilem
1504 2700 1626 2781 prote·

323 2803 463 2878 stando.
499 2802 678 2902 siquibus
696 2801 794 2874 bello
810 2803 963 2876 obtritus
981 2799 1200 2876 documento
1214 2800 1422 2874 hominibus
1437 2795 1522 2893 suit,
1546 2805 1626 2879 nul-

320 2927 394 2999 lam
411 2929 519 2998 aetatis
542 2941 680 3023 partem
694 2925 812 2998 virtuti
831 2927 1066 3024 incongruam
1083 2925 1272 3000 existimari
1291 2922 1435 2997 debere.

321 3245 376 3282 aas.
417 3220 507 3281 Artas
521 3235 674 3300 pugnaces
695 3231 784 3282 vocat
799 3220 878 3281 Saxo
892 3237 946 3304 pe·
1001 3216 1160 3280 cimelium
1200 3219 1274 3280 Post
1287 3228 1332 3280 cst
1352 3227 1469 3302 postea,
1486 3243 1629 3302 arrogare

321 3324 422 3388 titiam
437 3322 481 3386 rei
493 3319 640 3384 militaris.
1001 3321 1082 3386 idem
1100 3334 1191 3408 atque
1206 3323 1369 3408 assignare,
1383 3321 1526 3386 tribuae.
1548 3325 1629 3389 Hinc
1747 3303 1748 3378 i

370 3435 457 3493 ιΗοε
474 3431 614 3514 agatham
638 3429 774 3507 mutabit]
793 3433 856 3492 Pro
875 3454 949 3514 aga·
1003 3429 1072 3494 talis
1086 3449 1188 3493 sensas
1199 3427 1340 3492 versiculi
1353 3425 1478 3511 prodire
1494 3428 1630 3495 videtur:
1747 3479 1748 3492 ,

323 3539 402 3599 tlara
447 3535 628 3619 stephanius
671 3539 774 3621 posuit
810 3537 949 3618 agartaa.
1004 3557 1111 3598 aurum
1138 3533 1231 3612 illud,
1260 3533 1343 3618 quod
1361 3534 1455 3596 clavas
1480 3557 1629 3601 annexum
1747 3601 1748 3624 ,

322 3645 378 3704 Est
399 3639 713 3726 quidemrox'graeoa
739 3635 872 3720 ayadda3
902 3660 950 3702 re·
1005 3637 1122 3718 iuerat,
1150 3653 1295 3724 tanquam
1316 3641 1427 3716 telum,
1457 3662 1519 3726 quo
1543 3643 1628 3734 pugil
1721 3625 1748 3682 Ἴ

322 3761 371 3810 cte
389 3731 470 3808 enini
486 3744 654 3809 docuerunt
670 3760 706 3822 et¹
717 3745 898 3830 stephanius
918 3758 950 3808 et
1005 3745 1187 3810 fortissimus
1200 3744 1356 3832 egregium
1371 3743 1488 3810 facinus
1503 3767 1630 3836 perege-
1747 3759 1748 3792 ³

321 3851 466 3918 Bartbius
491 3851 523 3912 in
548 3852 629 3914 notis
652 3853 712 3914 suis
737 3849 774 3913 ad
799 3850 881 3914 huuc
903 3853 949 3917 lo·
1005 3865 1070 3930 rat,
1098 3851 1239 3936 deinceps
1259 3865 1348 3916 tauto
1368 3851 1464 3937 magis
1484 3851 1565 3918 iuter
1586 3858 1630 3922 ri·
1747 3911 1748 3936 ,

323 3979 404 4037 cum,
417 3960 576 4037 Saxouem,
591 3979 655 4021 non
670 3957 767 4019 minus
776 3955 950 4042 quamalios
1005 3979 1056 4020 ros
1073 3953 1169 4020 sortes
1189 3957 1371 4021 inclarescit.
1429 3997 1432 4004 ι

323 4076 462 4128 auctores
475 4062 565 4126 medii
580 4063 745 4142 aevi,voces
758 4081 872 4148 mareas
888 4082 951 4124 non
1050 4067 1194 4152 ²Imperii
1211 4060 1406 4146 consortione]
1422 4064 1632 4130 consortionis
1747 4097 1748 4152 3

322 4170 436 4256 absque
466 4167 644 4233 eruditionis
667 4167 865 4232 affectatione
884 4190 951 4232 car·
1004 4190 1063 4232 vox
1084 4190 1143 4253 pro
1166 4169 1321 4232 consortio
1339 4168 1452 4234 Soxoui
1474 4167 1633 4234 familiaris

322 4277 455 4340 minibus
470 4272 696 4340 suisinterdum
710 4275 852 4354 inserere.
891 4279 951 4338 Ta·
1004 4273 1086 4361 apud
1103 4275 1259 4341 Valerium
1272 4275 1435 4338 Maximum
1457 4276 1566 4363 saepius
1580 4297 1634 4342 oc·
1747 4309 1748 4320 κ

323 4381 367 4445 les
389 4395 489 4446 autem
510 4401 599 4446 voces
620 4383 699 4446 solet
714 4383 826 4444 Noster
841 4379 949 4442 Latina
1005 4380 1101 4444 currit
1122 4383 1271 4461 r.c.1V,
1298 4379 1337 4457 2,
1359 4379 1395 4443 2:
1424 4387 1634 4448 comunionem

323 4486 446 4552 civitate
460 4485 590 4568 donare,
619 4485 699 4552 unde
721 4485 882 4574 probabile
905 4485 950 4564 lit,
1005 4491 1121 4576 imperti
1136 4513 1285 4575 usurpare.
1309 4483 1359 4567 (S)

325 4611 394 4656 eum
416 4593 570 4678 scripsisse
590 4598 739 4680 agatltuut.
800 4593 950 4678 Agutltum
1053 4594 1213 4657 'Ocea'duoe
1245 4599 1312 4655 νῆα
1342 4589 1435 4672 statd]
1464 4585 1637 4656 octiduum
1747 4619 1748 4622 ¹

324 4698 469 4762 hocloco
492 4697 574 4765 idem
594 4700 669 4764 mihi
689 4719 753 4764 esse
772 4697 893 4763 ridetur
916 4717 952 4760 ae
1006 4697 1087 4764 idem
1108 4698 1266 4797 est„quod
1284 4701 1404 4764 ooeasui
1417 4696 1558 4764 vicinum
1574 4694 1637 4776 (S).
