3446 5458
112 354 115 362 ·
169 418 171 426 Ι
323 310 393 384 tta
666 307 961 380 Histonium.
987 307 1124 379 LIBER
1139 309 1195 378 lll.

268 529 359 597 inea
373 521 592 620 potissimum
610 518 707 612 loca,
730 517 863 616 quibus
884 516 1086 593 Amletbum
1109 520 1222 590 inesse
1243 517 1423 618 cognorlt3
1455 541 1577 615 eoque

183 721 188 730 ,
270 646 361 720 lacto
385 648 577 717 maximum
596 643 743 732 irtcauto
758 637 971 713 beneficium
995 639 1112 713 attulit.
1173 645 1245 712 Nee
1267 636 1426 712 callidius
1451 653 1576 712 unns-

269 771 414 842 missum
432 764 608 858 indicium,
625 787 735 862 quam
756 761 934 860 cognitum
955 761 1028 836 luit
1078 760 1259 862 Siquidem
1281 759 1472 853 Amletbus,
1495 763 1578 836 viso

269 909 377 967 oestro
401 886 578 987 simulque
603 885 781 977 stramine,
808 882 911 982 quod
933 884 1058 958 caude
1082 887 1223 958 insitum
1248 883 1415 983 gestabat,
1447 885 1575 957 curio-

269 1019 342 1089 sius
357 1025 556 1112 persoluto,
582 1009 724 1080 tacitmn
743 1004 909 1080 cavendas
933 1002 1068 1080 bandis
1090 1010 1262 1080 monitum
1277 1005 1446 1080 intellexit
1495 1009 1576 1108 lgi-

269 1157 327 1214 tur
347 1133 550 1210 insidiarum
568 1131 765 1228 suspicione
793 1128 1013 1218 contemnas,
1048 1152 1124 1226 quo
1148 1133 1254 1203 tutius
1285 1145 1368 1202 voto
1393 1132 1576 1228 potiretur,

170 1347 173 1363 Ι
268 1275 448 1358 exceptam
465 1252 686 1353 amplexibus
699 1253 881 1326 foeminam
896 1249 945 1322 ad
960 1250 1116 1348 palustre
1130 1251 1258 1351 procul
1279 1251 1411 1326 bivium
1426 1267 1575 1350 prom..

270 1382 329 1455 hit
390 1383 508 1474 Quam
531 1377 634 1448 etiarn
650 1391 791 1474 peraeto
811 1372 1017 1465 concubitu,
1045 1399 1090 1448 ne
1105 1399 1180 1448 rem
1206 1378 1375 1474 cuiquam
1397 1373 1577 1472 proderet,

269 1505 459 1602 impensius
486 1499 676 1574 obtestatus
707 1511 766 1568 est
824 1498 902 1568 Pari
928 1496 1033 1596 igitur
1053 1495 1169 1570 studio
1187 1499 1334 1595 petitum
1354 1519 1397 1570 ae
1412 1499 1575 1595 promis-

269 1649 351 1700 snm
368 1641 420 1698 est
433 1620 615 1695 silentium.
676 1619 864 1691 Marirnarn
880 1617 973 1692 enim
989 1616 1151 1692 Amlotbo
1165 1618 1294 1717 puellte
1311 1618 1578 1693 familiaritatun

270 1765 369 1827 ratus
381 1743 594 1820 educationis
609 1741 752 1814 societas
766 1739 981 1834 conciliabat,
1006 1741 1107 1840 qnod
1124 1757 1272 1840 uterque
1288 1739 1432 1816 eusdem
1451 1739 1576 1814 inian-

250 1843 253 1854 Ι
270 1873 325 1945 tie
341 1881 587 1972 procuratores
604 1863 775 1938 babuerit.
1648 1845 1655 1862 ’

401 1995 561 2065 Domum
578 1988 696 2086 itaque
710 1983 885 2079 reductus,
907 1990 1058 2081 cunctis,
1082 2009 1129 2060 un
1153 1990 1268 2062 veneti
1282 1983 1493 2076 indulsisset,
1511 2009 1578 2083 pu·

272 2112 467 2190 ludibrium
494 2107 804 2209 intenugantibns,
844 2108 1001 2206 puellam
1041 2135 1063 2183 a
1092 2135 1131 2184 se
1155 2126 1416 2210 constupratam
1441 2107 1576 2182 latetur.

271 2241 504 2338 Interrogatus
521 2255 674 2322 rursum,
693 2255 768 2329 quo
785 2257 861 2304 rem
877 2231 958 2306 loco
973 2237 1080 2334 egerit
1094 2257 1213 2333 quove
1225 2231 1389 2332 rpulvino
1405 2253 1494 2304 usus
1508 2230 1576 2303 fn-

271 2361 343 2454 erit,
359 2355 504 2461 ungulae
518 2355 667 2452 jumenti
688 2355 870 2454 cristaeque
887 2354 980 2455 galli,
1004 2355 1233 2455 laquearibus
1249 2379 1396 2454 quoque
1421 2355 1500 2426 tecti
1514 2356 1576 2425 irt-

207 2573 210 2582 ,
270 2485 393 2558 nixmn
406 2505 445 2556 se
461 2479 554 2552 dixit.
602 2478 742 2550 Horum
759 2467 851 2550 eniin
865 2481 1023 2552 omnium
1038 2476 1236 2578 particulas,
1252 2475 1384 2551 vitandi
1404 2475 1578 2550 mendatii

270 2606 391 2706 grafia,
417 2627 500 2678 cum
527 2599 714 2676 tonundus
744 2599 1037 2697 uofiouoeoear,
1082 2597 1306 2674 edmarum
1385 2601 1477 2692 Quae
1506 2623 1576 2672 uox

270 2723 703 2801 maionirnmstantium
727 2725 798 2798 risu
826 2739 969 2822 excepta
993 2739 1061 2818 est,
1093 2747 1300 2824 quanquam
1331 2719 1417 2796 nihil
1455 2745 1577 2796 rerum

272 2850 402 2924 venati
417 2871 483 2946 per
496 2850 620 2947 jocum
636 2844 825 2919 detraxerit.
886 2845 1006 2920 Puella
1023 2847 1172 2946 quoquc
1187 2871 1230 2919 ea
1245 2845 1291 2918 de
1310 2867 1350 2917 re
1374 2845 1575 2946 interroga·-

271 2989 317 3066 ιο,
339 2969 425 3044 nibil
441 2993 525 3042 eum
541 2967 611 3041 tale
631 2969 775 3068 gessisse
791 2967 977 3066 perhibuit.
1044 2967 1147 3042 Fides
1173 2969 1346 3068 negationi
1367 2966 1489 3041 habita
1514 2985 1575 3061 est,
1721 2989 1722 3016 ¹

201 3111 205 3121 “
271 3115 316 3166 eo
331 3090 476 3191 quidem
489 3092 647 3188 pronius,
663 3115 739 3189 qun
757 3093 873 3164 minus
895 3090 1053 3164 satellites
1069 3089 1150 3166 facti
1175 3092 1331 3164 oonscios
1359 3089 1576 3164 subsecon-

271 3215 393 3290 sabat
452 3217 548 3287 Tum
568 3215 607 3304 is,
637 3213 700 3310 qui
721 3212 911 3310 praestandi
936 3211 1051 3286 iudicii
1070 3211 1180 3314 gratia
1202 3227 1349 3286 oestrum
1369 3215 1594 3314 signaverat·

272 3353 314 3413 ut
328 3335 475 3410 salutem
491 3331 639 3407 Arnluhi
660 3333 864 3409 vaframeno·
882 3337 937 3408 sui
960 3337 1131 3411 beneficio
1147 3337 1334 3409 constitisse
1360 3351 1577 3430 monstraret,

222 3507 226 3524 ι
272 3485 387 3562 nuper
404 3483 442 3533 se
460 3460 536 3558 ejus
554 3463 655 3530 unice
676 3457 873 3532 studiosum
888 3461 1031 3534 extitisse
1053 3456 1199 3533 dicebat
1249 3464 1318 3532 Nec
1333 3460 1450 3558 inepta
1462 3461 1576 3558 juve-
1720 3419 1721 3465 ³

271 3584 325 3656 nis
345 3584 526 3682 responsio
544 3581 616 3658 fuit
684 3585 734 3656 Ne
758 3581 850 3656 crrim
873 3581 993 3656 indicis
1009 3585 1171 3657 meritum
1196 3582 1369 3684 negligere
1382 3597 1578 3681 putaretur,

272 3706 446 3806 quiddam
469 3706 641 3780 straminis
664 3703 829 3806 gerulum
861 3705 983 3780 subitis
1010 3705 1198 3806 adlapsam
1222 3704 1364 3804 pennis,
1399 3697 1579 3805 quodque

270 3829 411 3930 paleam
436 3827 626 3927 posteriore
656 3829 813 3926 corporis
837 3844 935 3926 perte
956 3827 1109 3903 defixam
1134 3843 1299 3930 gaurus,
1324 3827 1393 3900 sibi
1415 3849 1577 3926 conspe
1719 3803 1720 3851 ³

271 3967 367 4024 ctum
389 3951 512 4026 retulit.
590 3951 699 4044 Quod
726 3951 859 4024 dietum
889 3967 929 4026 ut
945 3967 1086 4026 caeteros
1110 3950 1282 4025 cachinno
1305 3951 1496 4042 concussit,
1529 3951 1578 4020 ita

271 4071 420 4148 Amlethi
432 4075 606 4149 iautorem
624 4071 810 4172 prudentia
828 4071 1015 4147 delectavit.

271 4267 379 4320 rentur
395 4255 530 4337 dotata,
558 4258 596 4322 ab
612 4268 676 4320 arte
691 4256 821 4322 humana
831 4257 894 4322 sive
955 4267 1001 4338 tes
1016 4257 1171 4340 largimu,
1184 4257 1245 4322 tale
1253 4254 1468 4320 admonifionir
1480 4275 1578 4341 genas

201 4353 203 4362 ’
272 4359 309 4426 ab
322 4361 436 4428 insidiis
458 4363 595 4430 humanis
610 4381 725 4428 vacare.
773 4362 896 4428 Addere
953 4363 1161 4438 nonaliennm
1180 4361 1272 4426 fuisse
1285 4385 1302 4425 a
1315 4361 1454 4430 moribus
1467 4362 1578 4446 prisoae

272 4466 361 4547 lieet,
382 4481 519 4534 autorem
544 4472 607 4536 sire
629 4469 810 4534 narrationis
830 4469 894 4533 sire
953 4469 1061 4549 etatis,
1082 4490 1142 4555 qua
1154 4467 1277 4553 quidem
1297 4467 1510 4552 prudentiores
1530 4487 1580 4532 aa·

272 4572 441 4642 contiliiab
466 4590 561 4641 cestro
574 4578 735 4660 imaginem
752 4579 825 4640 artis
838 4577 894 4640 ho·
953 4574 1051 4638 lubria
1065 4575 1180 4640 monita
1193 4595 1256 4638 non
1279 4573 1371 4638 modo
1387 4572 1511 4638 amilius
1531 4573 1582 4640 ins

271 4695 370 4742 ruane
385 4677 516 4746 forsitan
537 4683 669 4768 petiisse,
685 4695 720 4746 ut
734 4683 893 4748 Amlethus
953 4681 1079 4761 stillare,
1099 4680 1154 4744 sed
1166 4683 1262 4745 oculis
1282 4699 1403 4765 qunque
1424 4697 1483 4765 per
1499 4697 1583 4761 syrn-

272 4781 312 4846 ds
334 4795 430 4850 estro
450 4786 583 4852 libidinis
605 4787 777 4852 nohibendo
805 4801 895 4854 unta
953 4788 1025 4853 bola
1037 4787 1188 4872 subjicere
1201 4785 1391 4850 studuerunt.

274 4883 392 4954 leoffius
412 4892 569 4974 cogitaret.
619 4895 772 4956 Ceterum
792 4891 897 4957 lnben-
