3442 5456
633 345 893 414 saerflolv.
1075 403 1082 411 .
1291 347 1364 416 279

99 577 210 652 quam
233 571 408 626 remmam
433 579 455 624 a
480 550 622 626 lascivia
634 555 805 626 ‘animum
827 553 1010 641 babuerit,
1034 559 1098 652 qni
1114 579 1158 626 ne
1174 559 1252 653 ejus
1267 555 1411 652 quidem

98 689 276 774 spectator
293 699 370 748 esse
392 680 565 748 sustinuit.
627 674 853 750 Adeovirtns
868 674 967 748 luxui
984 679 1120 749 resistit
1180 682 1304 774 ltaque
1329 700 1412 749 cum

98 801 248 872 llacone
264 796 414 872 classem
427 799 464 868 in
479 797 685 870 Hiberniam
712 794 847 888 extulit,
863 821 908 868 ne
925 797 982 872 vel
999 799 1122 870 ultima
1140 801 1262 872 rernm
1278 796 1412 870 hunta-

98 947 226 994 narum
241 920 392 1016 imperia
406 921 550 993 Danicis
567 922 674 993 armis
691 924 817 992 intacta
832 924 1072 994 consisterent.
1098 1010 1103 1026 1
1137 925 1190 992 Ea
1205 935 1413 1018 tempestate

99 1071 158 1116 rex
174 1039 674 1140 inautaettugletusembat1.
727 1041 798 1133 Qui
813 1066 896 1114 oum
913 1042 1084 1138 frequens
1101 1043 1234 1139 opibus
1248 1048 1412 1114 aerarium

97 1169 263 1257 baberet,
277 1163 370 1238 adeo
386 1182 503 1236 tamen
520 1167 673 1238 avaritiae
690 1163 867 1238 obnoxius
892 1169 1011 1255 extitit,
1037 1181 1087 1256 nt,
1111 1164 1201 1238 datis
1218 1164 1412 1260 aliquando
1483 1233 1487 1241 .

96 1291 236 1377 calceis,
255 1311 346 1386 qnos
362 1285 512 1360 studiosi
526 1312 654 1362 manus
671 1286 953 1360 commendasset
970 1285 1121 1384 opificis,
1135 1288 1325 1386 ligamenta
1340 1286 1411 1358 de-
1444 1355 1451 1366 ,

98 1413 266 1503 traheret,
281 1410 531 1506 submotisque
541 1408 624 1483 loco
637 1433 705 1484 sno
721 1411 881 1508 corrigiis
909 1407 1046 1484 donum
1057 1409 1104 1482 ad
1118 1413 1281 1508 injuriam
1291 1426 1411 1482 trans-

97 1539 215 1609 tenet.
266 1535 380 1630 Cujus
400 1535 448 1604 rei
474 1529 697 1604 deformitate
719 1547 857 1604 tantum
886 1535 1024 1608 muneri
1046 1537 1202 1606 criminis
1231 1531 1411 1619 all'erebat,

98 1657 274 1731 ntodium
291 1679 360 1752 pro
373 1659 486 1754 gratia
503 1661 692 1752 percipere
705 1654 892 1728 videretur.
944 1660 1068 1753 ltaque
1083 1660 1259 1730 nerninem
1276 1679 1320 1728 ea
1335 1653 1410 1726 ho·-
1491 1735 1498 1743 ,

98 1785 204 1854 nestis
235 1776 442 1850 liberalitate
473 1781 643 1874 prosequi
668 1775 811 1866 solitus,
837 1783 930 1850 circa
956 1781 1083 1852 mimos
1117 1803 1160 1854 ac
1193 1777 1412 1876 joculatores

99 1902 349 1974 munificentiae
365 1897 492 1973 studiis
514 1902 564 1972 nti
589 1903 777 1972 consvevit.
829 1900 1027 1997 Oportebat
1048 1928 1214 2000 namque,
1237 1919 1275 1976 nt
1299 1906 1412 1998 turpis
1487 1995 1498 2004 ,

97 2024 264 2122 turpibus
293 2023 504 2096 commercia
531 2021 772 2094 familiaritatis
802 2021 1039 2120 impenderet,
1070 2041 1106 2098 et
1136 2027 1301 2098 vitiorum
1324 2022 1411 2098 tabo

97 2148 237 2222 obsitus
253 2145 370 2242 culpae
400 2151 517 2218 socios
532 2141 861 2216 blandimentorum
875 2142 1050 2218 lenocinio
1066 2146 1291 2220 demulceret.
1332 2150 1411 2220 Fu-

99 2297 158 2344 ere
174 2287 295 2342 tamen
313 2273 343 2340 ei
363 2283 529 2366 spectatae
562 2271 698 2340 virtutis
713 2290 899 2361 proceres,
929 2266 1112 2364 Gegatlrus
1141 2285 1174 2364 et
1198 2269 1411 2360 Suibdavns,

96 2399 158 2491 qui
177 2394 269 2464 inter
282 2389 580 2498 elloeminatorum
600 2392 788 2478 consortia,
808 2389 916 2462 veluti
937 2413 1088 2486 gemmae
1111 2391 1326 2464 stercoribus
1351 2392 1411 2462 in-

97 2487 186 2606 sitae,
205 2515 398 2610 conspisuo
414 2511 617 2584 militarium
634 2533 786 2607 operum
804 2509 945 2608 fulgore
962 2509 1156 2608 pollebant.
1202 2515 1326 2609 Itaque
1344 2511 1408 2586 soli

97 2643 280 2739 regiartun
295 2659 408 2733 opum
431 2633 635 2706 delensores
653 2632 829 2704 extabant.
882 2636 991 2729 igitur
1012 2633 1143 2731 proelio
1157 2639 1249 2708 inter
1264 2634 1409 2733 flugle-

97 2781 175 2836 tum
197 2775 233 2834 et
258 2761 441 2830 flaconem
465 2771 603 2853 coepto,
620 2756 810 2828 mimorum
826 2779 970 2854 greges,
992 2757 1124 2855 quihus
1151 2757 1408 2832 instabilitatem

95 2906 295 2981 corporum
313 2879 438 2952 levitas
452 2873 592 2975 peperit
608 2879 828 2968 animorum,
861 2877 1008 2975 trepidis
1031 2883 1143 2952 aciem
1169 2877 1312 2952 solvere
1339 2877 1409 2952 de·

96 3003 283 3092 cursibus,
309 3017 478 3099 tantaque
493 3001 586 3099 regis
607 2999 783 3072 beneficia
809 2999 886 3074 sola
914 3001 1008 3098 fugoe
1032 2999 1252 3078 deformitate
1274 3025 1409 3098 pensa·-

94 3143 189 3200 runt.
218 3128 320 3197 Tunc
334 3120 518 3222 Gegathus
533 3139 567 3196 et
584 3122 797 3214 snibdavus,
812 3123 876 3194 soli
894 3139 945 3206 tot
960 3122 1114 3198 hostium
1128 3121 1284 3196 millibus
1298 3123 1409 3222 obje-

95 3257 164 3341 cti,
192 3244 393 3320 incredibili
413 3242 550 3316 bellnm
574 3249 702 3318 virtute
726 3262 928 3344 gesserunt,
964 3262 1003 3320 nt
1025 3271 1098 3318 non
1120 3245 1275 3320 duorum
1301 3245 1410 3318 modo

93 3373 259 3462 militnm,
283 3368 349 3444 sed
371 3372 524 3440 universi
548 3369 697 3466 agminis
716 3385 835 3466 partes
866 3394 971 3468 agere
997 3367 1211 3442 viderentur.
1278 3368 1348 3442 Sed
1378 3388 1411 3442 et
1457 3457 1464 3472 ι

93 3493 284 3592 Gegatbus
310 3495 490 3564 llaconem
520 3489 589 3562 sibi
616 3491 829 3587 pertinacius
862 3491 1098 3568 imminentem
1134 3507 1231 3565 tanto
1257 3495 1410 3590 pectoris

94 3618 248 3692 vtdnere
265 3615 387 3706 allecit,
411 3631 451 3687 ut
466 3613 631 3711 jecinoris
654 3635 823 3708 suprema
843 3609 1050 3712 detergeret.
1104 3613 1178 3686 lllic
1204 3613 1410 3687 Starcathe-

92 3767 168 3834 rus,
187 3738 275 3813 dum
291 3739 386 3812 serro
403 3734 603 3834 Gegathnm
618 3737 713 3831 petit,
740 3732 1005 3808 acerbissimum
1025 3737 1141 3834 capite
1156 3736 1285 3810 vulnus
1299 3761 1409 3810 exce-

91 3869 167 3963 pit3
202 3860 299 3934 unde
320 3855 552 3958 postmodum
577 3859 613 3927 in
637 3855 795 3954 quodam
824 3857 998 3948 carmine,
1020 3883 1093 3930 non
1116 3859 1199 3932 alias
1220 3865 1408 3932 tristiorem

90 3985 161 4062 sibi
180 3983 324 4084 plagam
343 3981 515 4072 incidisse,
530 3976 727 4076 perbibuit,
747 3977 859 4076 quod,
882 3977 964 4052 licet
982 3975 1117 4056 discissi
1143 3983 1266 4077 capitis
1289 3996 1410 4079 partes

91 4106 268 4180 exteriore
289 4103 394 4200 pellis
416 4103 554 4176 ambitu
571 4117 799 4187 necterentur,
830 4100 941 4175 latens
960 4109 1124 4174 tamenin
1144 4101 1289 4175 vulnere
1320 4102 1409 4174 livor

90 4227 260 4302 clausum
278 4225 471 4326 putredinis
489 4223 693 4322 contagium
711 4221 922 4296 occultabat.
978 4227 1077 4297 Victo
1095 4225 1285 4322 occisoque
1301 4227 1408 4324 Hug-

90 4353 181 4442 leto,
216 4348 280 4424 sed
303 4367 338 4422 et
368 4345 662 4422 Hiberniensibus
679 4351 715 4418 in
735 4345 859 4446 sugam
875 4347 980 4437 actis,
1001 4344 1262 4439 Starcatherus,
1287 4373 1407 4446 qnos-v

88 4497 243 4571 cunque
266 4497 309 4546 ex
336 4470 567 4550 histrionibus
591 4471 745 4566 captioni
771 4493 874 4542 casus
890 4466 1040 4553 obtulit,
1065 4466 1257 4543 caedendos
1279 4473 1404 4566 virgis²

141 4717 237 4776 'Rex
273 4715 372 4776 ansele
407 4711 555 4795 Higietns
588 4707 721 4789 extabat]
786 4727 833 4789 ge
845 4727 909 4791 cap.
924 4703 974 4785 25,
989 4706 1164 4769 referuntur
1178 4705 1407 4790 adllugloilnm

91 4823 175 4882 Haec
190 4818 294 4881 omnia
316 4818 347 4879 in
370 4815 496 4880 historia
521 4837 626 4900 regum
646 4817 724 4876 Nor·
786 4833 888 4898 regem
901 4814 1033 4893 Sreciae3
1055 4815 1113 4876 vid.
1129 4828 1194 4878 aot.
1207 4815 1291 4878 uber.

92 4924 277 5008 reginorum
297 4925 357 4987 rol.
372 4926 385 4984 1
405 4945 435 5008 p.
453 4921 505 5001 30,
527 4922 724 5005 Ynglingasa-
831 4925 1012 4986 ²Coedendor
1030 4919 1136 5006 vergii]
1160 4926 1265 5006 Virgis
1283 4922 1410 5003 Stepha-
