3446 5458
371 329 444 407 tot
708 331 882 406 HISTOR.
903 333 1006 404 DAN.
1023 333 1159 404 LIBER
1178 333 1233 404 lV.

319 541 514 618 indubitata
536 565 582 616 an
595 548 643 617 mi
667 545 943 643 praesumptione
965 541 1211 643 complexum3
1262 563 1418 640 cumque
1442 535 1609 638 praeliatu-
1707 589 1708 626 3

226 709 230 730 ι
317 691 399 740 rum
415 663 555 740 bostem
580 665 691 740 iatum
708 666 803 766 fugae
822 666 993 738 anteferre
1008 665 1162 740 dubium
1177 689 1251 739 non
1274 666 1327 756 sit,
1346 662 1482 736 lelicem
1500 685 1610 736 recen-

317 791 359 863 tis
373 786 528 864 vulneris
544 786 734 861 ultionem¹
754 789 874 862 oblata
893 787 977 860 belli
993 785 1158 861 facultate
1174 787 1344 886 praestari.

449 915 565 1005 Quem
602 910 828 985 Vermundus
868 909 1039 1008 praeclare
1074 935 1117 984 ac
1145 911 1281 986 fortiter
1303 907 1489 1007 legationis
1511 921 1612 1004 partes

317 1051 503 1108 executum
528 1049 691 1127 testatus,
714 1032 898 1132 paulisper
913 1031 1028 1132 epulis
1052 1031 1148 1106 refici
1161 1031 1273 1132 jubet,
1297 1027 1399 1128 quod
1425 1031 1545 1102 itinera
1564 1031 1612 1126 je-

201 1223 205 1231 .
317 1159 413 1254 jonis
438 1153 578 1228 officere
599 1155 768 1230 soleant2.
830 1158 1005 1249 Quicum
1029 1179 1257 1254 nequaquam
1285 1153 1351 1226 sibi
1373 1151 1535 1250 capiendi
1561 1149 1615 1222 cibi

317 1281 430 1352 otium
452 1293 640 1376 suppetere
665 1276 829 1372 dixisset,
855 1281 998 1377 potione
1018 1281 1112 1352 sitim
1141 1277 1250 1350 lenire
1274 1275 1489 1374 deposcitur.
1549 1277 1615 1366 Quo

317 1401 487 1500 praebito,
511 1399 683 1498 poculum
709 1425 857 1497 quoquc
874 1399 969 1494 (nam
995 1425 1142 1473 aureum
1159 1399 1246 1494 erat)
1268 1398 1456 1470 adservare
1477 1397 1616 1496 jubetur,

319 1523 513 1596 affirmante
530 1518 749 1614 Vermuntlo,
769 1521 990 1593 commeandi
1012 1522 1132 1595 calore
1149 1521 1294 1594 defessis
1305 1519 1528 1593 commodius
1545 1545 1616 1592 cra-
1684 1580 1688 1596 ,

258 1683 264 1691 ·
318 1665 392 1722 tere
407 1671 517 1746 quam
535 1643 655 1742 palma
679 1641 864 1741 lympham
880 1646 1002 1741 excipi,
1025 1643 1223 1742 meliusque
1245 1641 1394 1716 bibendi
1418 1637 1524 1716 usum
1544 1667 1616 1739 scy-

318 1767 383 1870 phi
422 1791 532 1867 quam
547 1789 674 1838 manus
693 1765 853 1839 subsidio
873 1765 1051 1840 celebrari.
1131 1771 1213 1858 Quo
1230 1781 1302 1837 tam
1325 1763 1503 1838 benevolis
1518 1763 1619 1837 verbis

319 1896 476 1966 muneris
499 1887 775 1988 magnitudinem
801 1906 1055 1988 prosequente,
1086 1887 1277 1962 delectatam
1303 1903 1457 1984 utroque
1481 1887 1619 1983 juvenis,

320 2039 360 2088 se
384 2014 485 2112 prius
509 2008 557 2082 ad
572 2026 753 2108 perceptae
775 2013 930 2109 potionis
952 2035 1158 2085 mensuram
1180 2014 1317 2108 proprii
1341 2013 1481 2082 cruoris
1501 2007 1619 2082 haustu

320 2159 491 2225 uturum,
525 2155 635 2231 quam
658 2138 753 2232 regis
783 2135 1038 2232 conspectibus
1061 2149 1164 2234 terga
1198 2130 1428 2205 admotarum
1452 2135 1619 2230 promittit.

319 2261 410 2331 Tam
432 2257 562 2329 fortem
576 2258 656 2354 ejus
672 2257 948 2353 promissionem
966 2255 1192 2330 Vermundus
1209 2253 1386 2328 mercedis
1402 2255 1547 2326 nomine
1561 2277 1619 2327 re-

322 2397 476 2470 neratus,
491 2377 677 2478 aliquanto
691 2377 775 2476 plus
789 2379 985 2478 voluptatis
1000 2405 1042 2452 ex
1066 2377 1151 2451 dato
1176 2376 1375 2468 beneficio,
1400 2397 1511 2474 quam
1533 2375 1620 2448 miles

319 2529 363 2578 ex
377 2517 527 2601 accepto
543 2501 716 2598 percepit.
775 2503 849 2575 Nec
864 2506 1058 2576 animosius
1074 2501 1235 2574 locutum
1269 2523 1353 2571 eum
1378 2523 1490 2596 quam
1507 2497 1618 2596 praeli-

320 2641 418 2699 atum
434 2637 602 2720 expertus
620 2637 683 2696 est.

452 2745 654 2817 Commisso
669 2769 828 2842 namque
842 2745 941 2819 bello
958 2747 1114 2844 contigit,
1132 2761 1173 2818 ut
1189 2751 1281 2818 inter
1299 2748 1420 2819 varios
1437 2760 1621 2818 turmarum

321 2845 521 2972 procursus
539 2866 835 2942 concurrentibus
850 2867 1009 2942 Folcone
1038 2885 1073 2941 et
1095 2866 1233 2941 Athislo
1259 2891 1481 2964 manumque
1501 2863 1623 2940 diutule

321 2986 613 3078 conserentibus,
648 2989 828 3064 Sveonum
856 2997 1029 3066 exercitus
1057 2991 1160 3066 ducis
1189 2991 1245 3066 sui
1272 3005 1441 3064 eventum
1463 3003 1625 3090 sequutus

321 3113 447 3212 lugam
469 3108 736 3208 ingrederetur,
767 3110 926 3187 Athislus
944 3138 1094 3212 quoque
1116 3121 1258 3189 saucius
1282 3115 1330 3188 ad
1356 3139 1469 3190 neves
1496 3139 1538 3187 ex
1559 3112 1627 3184 acie

321 3231 541 3310 convolaret.
593 3233 761 3331 Cumque
778 3233 891 3308 Folco
909 3235 1121 3310 vulneribus
1147 3261 1190 3309 ac
1205 3235 1332 3312 labore
1346 3235 1548 3325 hebetatus,
1571 3229 1626 3307 sed

320 3371 358 3430 et
376 3371 465 3430 cestu
486 3369 522 3428 et
544 3351 670 3428 labore
689 3359 823 3454 pariter
844 3358 974 3456 sitique
995 3357 1183 3458 perfusus,
1209 3358 1333 3459 sugam
1358 3359 1501 3458 insequi
1523 3356 1629 3430 desti-

370 3635 512 3698 ⁸Felicem
527 3641 647 3700 recentis
657 3641 784 3701 vulneris
798 3635 949 3720 ultionem]
1053 3645 1067 3678 ²
1080 3639 1170 3726 Quod
1185 3641 1290 3700 itinera
1300 3637 1411 3728 jq'untk
1432 3637 1546 3722 officere
1564 3637 1631 3698 solc-

320 3741 427 3822 idest,
453 3739 547 3804 cladis
564 3753 700 3825 accepte
717 3741 801 3807 caede
816 3743 953 3810 Froriai.
1011 3741 1077 3826 ant]
1104 3743 1176 3824 (Ed.
1196 3747 1210 3806 l
1220 3741 1359 3824 jejuniis)
1380 3737 1430 3804 Ad
1457 3742 1631 3804 sententiam

321 3846 577 3932 Frequenmrima
594 3847 707 3912 saxoni
722 3861 768 3911 est
786 3850 844 3913 bac
862 3850 900 3923 in,
912 3851 952 3912 si·
1009 3850 1162 3936 quandam
1178 3848 1350 3934 gnomicam
1372 3857 1463 3909 antor
1490 3848 1630 3911 narratio

320 3952 518 4039 gutteauone
545 3953 630 4018 vocis
663 3953 755 4038 liujus
784 3955 952 4038 usurpatio,
1011 3957 1057 4019 nis
1069 3956 1235 4042 respexisse
1254 3951 1382 4018 videtur.
1423 3954 1469 4016 lta
1484 3953 1630 4039 legiturin

320 4056 477 4145 quomodo
490 4060 584 4122 semel
599 4072 651 4122 aut
668 4059 778 4123 iter-nm
801 4061 952 4124 monuisse
1011 4062 1160 4130 Haramtt
1174 4059 1301 4144 stroph.
1318 4055 1355 4121 32

320 4163 453 4231 memini
518 4163 644 4230 Scilicet
669 4164 827 4234 Valeriam
860 4165 954 4230 Maxi·

320 4293 404 4338 mum
429 4271 522 4336 etiem
554 4270 611 4334 luo
632 4269 764 4336 formula
795 4272 953 4358 expressit,
1094 4275 1200 4336 Matar
1215 4275 1340 4337 sledda

320 4377 403 4464 apud
423 4397 514 4463 quem
531 4377 638 4440 similis
653 4379 745 4462 plane
768 4375 824 4437 τοῦ
844 4379 954 4441 Vulne-
1096 4383 1138 4439 Er
1154 4387 1256 4442 manni
1267 4383 1368 4467 paurf

324 4488 365 4544 ris
383 4481 502 4568 notatio
530 4483 640 4567 amplus
663 4483 812 4564 occurril3
834 4482 902 4546 Lib.
927 4487 954 4547 ll
1093 4481 1184 4567 Iletia
1198 4511 1231 4547 er
1251 4489 1325 4568 ltestr
1346 4513 1393 4549 um
1407 4485 1569 4572 fialljorrll
1586 4485 1632 4543 tic.
1707 4525 1708 4540 r

315 4575 437 4672 cepe&
452 4585 488 4652 7²
510 4591 599 4672 Piget
612 4593 753 4676 toedetquc
763 4593 951 4678 percoluere
1096 4593 1166 4654 Cito
1185 4608 1216 4652 et
1229 4594 1354 4654 uestibus

324 4693 487 4781 republicae
509 4695 632 4756 ulterius
648 4697 801 4780 procedere
805 4723 819 4772 ,·
833 4695 886 4758 lib.
910 4699 952 4765 Vl
1096 4697 1180 4783 Opus
1195 4713 1241 4759 est
1252 4699 1373 4770 kemebi,

322 4817 391 4882 cap.
413 4793 452 4875 9,
474 4791 512 4860 δε
537 4800 673 4862 bellorum
699 4804 825 4865 canalium
844 4807 952 4866 trustis·
1095 4805 1158 4886 Qui
1166 4827 1223 4890 per
1240 4819 1341 4882 tesqua
1357 4809 1483 4868 transiit.

323 4908 396 4966 sima
412 4903 532 4964 vulnera
551 4926 692 4967 mucore.
713 4903 763 4986 (S)
840 4987 844 4994 Δ
