3548 5470
378 307 428 386 58
725 307 902 382 HISTOR.
924 305 1198 380 nattantttntt
1223 309 1249 380 1.

321 605 327 616 ε
432 523 465 590 0
480 521 647 594 mim
660 541 731 601 me,
752 515 1095 618 cujus-nobilitetem
1108 516 1233 618 dispar
1251 514 1639 618 oopmnmobte·

330 639 473 718 nebmt!
499 639 735 734 Oiuieliceut,
757 644 864 741 eujus
876 643 1053 716 mmet
1067 647 1201 718 rustica
1216 643 1365 742 jugatur
1376 639 1578 720 humilitas!
1609 647 1639 716 0

326 767 582 840 infortunatam
598 765 776 864 principis
794 761 957 862 prolem,
987 789 1100 864 quam
1114 767 1185 840 toti
1197 764 1280 865 lege
1293 763 1462 864 plebeius
1479 768 1640 866 equipa-

329 886 402 965 rat!
415 886 654 962 Miserandam
670 889 766 986 regis
781 885 904 973 filiam,
926 890 1033 987 cujus
1046 888 1215 962 decor-em
1237 893 1389 986 ignarus
1402 904 1505 988 pater
1517 889 1556 962 iu
1572 887 1639 966 ult*

332 1010 467 1088 soletos
477 1035 519 1086 ac
530 1008 771 1110 despicabiles
791 1012 986 1084 transmisit
999 1007 1205 1110 amplexus!
1217 1009 1542 1086 lufamtammatris
1554 1009 1639 1086 aub-

328 1134 442 1227 olem,
470 1134 576 1234 cujus
603 1131 759 1208 felicitati
780 1137 848 1207 turi
872 1137 1130 1208 commercium
1152 1131 1323 1234 derogem
1359 1135 1468 1235 cujus
1497 1132 1639 1210 mundi·

329 1261 414 1334 tiam
436 1254 659 1332 immunditia
679 1253 807 1332 ructu
829 1271 1011 1348 attrectat,
1037 1255 1247 1356 dignitatern
1268 1255 1459 1358 indignitas
1480 1255 1640 1357 vulgatu

330 1380 493 1472 inclinat,
516 1382 771 1480 ingenuitatem
787 1375 946 1454 conditio
967 1378 1137 1454 maritalis
1150 1377 1333 1456 extenuat!
1366 1387 1412 1454 At
1426 1383 1456 1456 si
1474 1382 1560 1480 quis
1574 1379 1638 1452 tibi

330 1509 435 1606 vigor
452 1507 559 1596 inest,
580 1505 704 1604 siqua
729 1516 887 1576 mentem
907 1505 1021 1590 virtus
1046 1500 1225 1602 possidet,
1248 1503 1280 1577 si
1305 1499 1455 1601 ὥςηιιιῃ
1484 1518 1520 1578 te
1543 1501 1639 1600 regia

329 1651 504 1729 generum
519 1624 677 1724 probas,
712 1647 842 1700 socero
862 1623 978 1700 fasces
1007 1631 1124 1725 eripe,
1157 1647 1273 1726 mnus
1287 1624 1469 1724 probitate
1490 1623 1639 1715 redime,

328 1750 509 1852 prosapiae
533 1746 714 1823 delectum
744 1749 876 1824 virtute
905 1753 1063 1842 mstirna,
1105 1749 1287 1846 sanguinis
1317 1745 1489 1824 mutuum
1519 1752 1640 1822 animo

330 1897 453 1975 pensa
510 1867 666 1946 Felicior
688 1887 742 1946 eat
762 1869 880 1946 bouus
904 1869 1074 1964 audacia,
1103 1897 1214 1971 quam
1231 1868 1440 1946 hereditate
1456 1872 1639 1973 quesitus.

329 1994 460 2070 Melius
482 1995 612 2070 virtute
626 1991 788 2086 culmen,
813 2020 926 2094 quam
941 1997 1168 2070 successione
1183 1993 1445 2076 conscenditur.
1512 1994 1640 2092 Aptius

328 2119 488 2194 bonores
509 2121 695 2210 meritum,
727 2141 839 2216 quam
861 2133 989 2190 namra
1003 2116 1176 2192 conciliat.
1236 2116 1341 2192 Adde
1358 2115 1461 2220 quod
1475 2123 1638 2192 senectu-

326 2257 403 2318 tem
418 2237 594 2316 subruere
607 2238 708 2314 nefas
725 2262 799 2313 non
813 2255 878 2331 est,
893 2265 977 2339 quaa
993 2241 1144 2340 proprio
1159 2241 1197 2312 in
1211 2242 1350 2317 ruinam
1372 2238 1642 2342 ponderoso»

329 2389 456 2465 pressa
480 2361 652 2462 devergit
701 2361 883 2438 Sufficiens
902 2385 1031 2438 socero
1050 2377 1104 2438 tot
1126 2378 1331 2462 temporum
1354 2363 1488 2454 fascem
1519 2359 1640 2438 aedibs

329 2488 394 2562 tibi
411 2501 568 2586 potestas
594 2485 784 2577 obteniat,
836 2489 968 2584 quaesi
999 2500 1035 2558 te
1058 2485 1226 2560 frustrata
1248 2483 1376 2580 buerit,
1401 2483 1503 2558 alteri
1525 2481 1640 2559 cedet

328 2613 464 2710 Lapsui
492 2609 648 2684 vicinum
675 2623 741 2698 est,
763 2607 938 2708 quicquid
959 2612 1060 2684 smio
1080 2613 1254 2682 constat&
1327 2611 1388 2683 Sat
1403 2605 1641 2706 illircgnu'toe

328 2739 392 2830 sit3
416 2732 483 2807 tibi
501 2730 724 2831 quandoque
738 2755 895 2831 praeesse
918 2736 1116 2806 conveniat.
1152 2729 1249 2806 Malo
1262 2747 1439 2830 praterea
1452 2733 1642 2804 virumre-

328 2881 451 2958 gnare,
472 2879 584 2954 quam
599 2867 750 2951 patrem.
809 2851 907 2927 Malo
930 2859 1024 2953 regis
1049 2855 1225 2954 conjunx,
1258 2879 1368 2956 quam
1390 2868 1473 2926 nata
1492 2853 1641 2926 censeri.

328 2978 458 3052 Melius
487 2993 539 3051 est
568 2979 769 3073 principem
799 2980 893 3050 intus
922 2975 1110 3077 amplecti,
1145 3001 1257 3076 quam
1287 2983 1440 3052 exterius
1466 2978 1643 3062 venerari,

329 3099 523 3201 gloriosius
546 3097 685 3172 nubere
706 3099 806 3198 regi,
831 3123 943 3198 quam
972 3099 1137 3200 obsequi.
1204 3102 1287 3198 Ipse
1312 3124 1461 3200 quoque
1487 3096 1552 3170 tibi
1566 3117 1645 3176 sce·

330 3237 470 3320 ptrum,
495 3245 756 3321 qnam·s0cero
778 3221 886 3295 malle
916 3221 1061 3297 debeas.
1129 3223 1335 3295 Proximum
1359 3223 1430 3296 sibl
1456 3225 1644 3319 quemque

329 3359 457 3417 natura
477 3345 667 3418 constituit.
716 3341 839 3418 Aderit
862 3362 986 3444 coepto
999 3343 1161 3433 facultas,
1180 3350 1207 3416 si
1227 3343 1504 3419 factovoluutas
1519 3363 1645 3414 acees-

330 3602 396 3676 est,
425 3587 670 3663 exornandum
694 3583 912 3680 convivium,
935 3587 1152 3688 provideutb
1173 3604 1333 3689 paratus,
1353 3585 1557 3664 invimudus
1578 3610 1646 3662 ao·

331 3734 403 3782 cer.
453 3706 584 3783 Fraudi
602 3716 695 3784 viam
715 3710 932 3787 familiaritas
949 3710 1114 3786 simulata
1133 3710 1328 3811 praestabit.
1379 3710 1488 3785 Nullo
1511 3707 1646 3784 melius

330 3857 442 3932 quam
456 3832 631 3908 affinitatis
652 3837 796 3908 nomine
810 3833 945 3910 insidiae
962 3850 1139 3935 teguntur.
1198 3833 1305 3908 adde
1322 3831 1423 3934 quud
1436 3831 1648 3908 temulentia

330 3470 424 3540 serit.
474 3463 567 3540 Nihil
582 3481 646 3557 est,
664 3465 766 3565 quod
783 3492 856 3542 uon
871 3469 1014 3568 ingenio
1029 3466 1142 3541 cedat.
1202 3464 1475 3542 Instaurandum
1492 3462 1645 3570 epulum
1750 3491 1751 3504 ¹

331 3971 542 4053 promptum
558 3955 646 4028 ctcdi
663 3963 728 4030 iter
743 3963 887 4058 aperiet.
951 3962 1116 4056 Cumque
1131 3981 1193 4030 rex
1208 3958 1334 4056 capitis
1352 3954 1462 4030 cultui
1487 3961 1648 4031 intentus
1750 3951 1751 4004 i

330 4075 463 4152 labulis
479 4096 644 4196 mentem,
667 4078 794 4156 barbae
813 4106 959 4157 manum
978 4079 1169 4171 intulerit²,
1191 4079 1424 4182 pilorumque
1436 4077 1649 4182 perplexio·

378 4355 513 4441 ¹Lapsui
521 4355 645 4416 stibinton
654 4368 711 4426 est,
727 4355 864 4439 quicquid
873 4360 953 4418 senio
1057 4355 1201 4418 ²Fatulis
1207 4370 1328 4418 meatem
1337 4350 1483 4436 mtulert't]
1491 4351 1650 4438 Grapbice

331 4455 460 4537 constat]
475 4461 544 4520 Huc
555 4457 690 4542 pertinet
700 4457 900 4543 proverbium
913 4463 955 4522 ls-
1012 4458 1063 4522 bic
1085 4457 1223 4545 pingitur
1243 4479 1297 4524 rex
1312 4457 1368 4523 aab
1394 4458 1487 4523 linem
1509 4457 1651 4524 marisii

332 4559 498 4624 landinumt
511 4567 593 4628 Fatis
607 4591 639 4628 er
651 4589 708 4628 con
724 4563 867 4651 adjornu
876 4571 957 4654 ,tria
1015 4565 1093 4629 baua
1105 4585 1234 4651 pransus
1242 4563 1281 4630 ad
1294 4566 1595 4652 carminapcetarurn
1604 4561 1651 4630 tle
1750 4539 1751 4620 i

332 4663 365 4728 id
387 4679 449 4743 ast,
471 4669 570 4753 Ligno
589 4669 708 4734 uumnti
722 4689 808 4736 catus
831 4691 956 4756 speran-
1013 4671 1107 4736 rebus
1141 4671 1269 4736 beccum
1301 4672 1395 4758 gestis
1423 4669 1582 4736 emendent
1613 4685 1652 4736 ct
1750 4745 1751 4768 ,

332 4769 397 4833 dus.
414 4771 466 4852 (S)
1017 4796 1279 4864 experscurarurn
1297 4776 1392 4841 barba
1414 4775 1530 4844 ludant.
